@article{stone1948generalized,
  title={The generalized Weierstrass approximation theorem},
  author={Stone, M. H.},
  journal={Mathematics Magazine},
  volume={21},
  number={5},
  pages={237--254},
  year={1948},
  publisher={JSTOR}
}


@article{de1959stone,
  title={The stone-weierstrass theorem},
  author={De Branges, Louis},
  journal={Proceedings of the American Mathematical Society},
  volume={10},
  number={5},
  pages={822--824},
  year={1959},
  publisher={JSTOR}
}


@inproceedings{asadi2018polynomial,
	title={Sparse Polynomial Arithmetic with the BPAS~Library},
	author={Asadi, M. and Brandt, A. and Moir, R. H. C. and {Moreno Maza}, M.},
	booktitle={Computer Algebra is Scientific Computing (CASC)},
	year={2018},
         note={To appeat},
        publisher={Springer}
}


@inproceedings{DBLP:conf/casc/AsadiBMM18,
  author    = {Mohammadali Asadi and
               Alexander Brandt and
               Robert H. C. Moir and
               Marc {Moreno Maza}},
  title     = {Sparse Polynomial Arithmetic with the {BPAS} Library},
  booktitle = {Computer Algebra in Scientific Computing - 20th International Workshop,
               {CASC} 2018, Lille, France, September 17-21, 2018, Proceedings},
  pages     = {32--50},
  year      = {2018}
}

@misc{bpasweb,
	author = {Asadi, M. and Brandt, A. and Chen, C. and Covanov, S. and Mansouri, F. and Mohajerani, D. and Moir, R. and {Moreno Maza}, M. and Wang, L. and Xie, N. and Xie, Y.},
	title = {{B}asic {P}olynomial {A}lgebra {S}ubprograms ({BPAS})},
	note = {\mbox{\textcolor{blue}{\url{http://www.bpaslib.org}}}},
	year = {2019}
}


@inproceedings{King:2014:LLM:2682923.2682950,
 author = {King, Tim and Barrett, Clark and Tinelli, Cesare},
 title = {Leveraging Linear and Mixed Integer Programming for SMT},
 booktitle = {Proceedings of the 14th Conference on Formal Methods in Computer-Aided Design},
 series = {FMCAD '14},
 year = {2014},
 isbn = {978-0-9835678-4-4},
 location = {Lausanne, Switzerland},
 pages = {24:139--24:146},
 articleno = {24},
 numpages = {8},

 acmid = {2682950},
 publisher = {FMCAD Inc},
 address = {Austin, TX},
} 

@article{DBLP:journals/fmsd/ReynoldsKK17,
  author    = {Andrew Reynolds and
               Tim King and
               Viktor Kuncak},
  title     = {Solving quantified linear arithmetic by counterexample-guided instantiation},
  journal   = {Formal Methods in System Design},
  volume    = {51},
  number    = {3},
  pages     = {500--532},
  year      = {2017},

  
  timestamp = {Thu, 30 Nov 2017 12:29:32 +0100},
  biburl    = {http://dblp.org/rec/bib/journals/fmsd/ReynoldsKK17},
  bibsource = {dblp computer science bibliography, http://dblp.org}
}


@inproceedings{DBLP:conf/cav/BarrettCDHJKRT11,
  author    = {Clark Barrett and
               Christopher L. Conway and
               Morgan Deters and
               Liana Hadarean and
               Dejan Jovanovic and
               Tim King and
               Andrew Reynolds and
               Cesare Tinelli},
  title     = {{CVC4}},
  booktitle = {Computer Aided Verification - 23rd International Conference, {CAV}
               2011, Snowbird, UT, USA, July 14-20, 2011. Proceedings},
  pages     = {171--177},
  year      = {2011},
  crossref  = {DBLP:conf/cav/2011},

  
  timestamp = {Thu, 15 Jun 2017 21:32:58 +0200},
  biburl    = {http://dblp.org/rec/bib/conf/cav/BarrettCDHJKRT11},
  bibsource = {dblp computer science bibliography, http://dblp.org}
}

@inproceedings{DBLP:conf/cav/DutertreM06,
  author    = {Bruno Dutertre and
               Leonardo Mendon{\c{c}}a de Moura},
  title     = {A Fast Linear-Arithmetic Solver for {DPLL(T)}},
  booktitle = {Computer Aided Verification, 18th International Conference, {CAV}
               2006, Seattle, WA, USA, August 17-20, 2006, Proceedings},
  pages     = {81--94},
  year      = {2006},
  crossref  = {DBLP:conf/cav/2006},

  
  timestamp = {Fri, 02 Jun 2017 13:01:06 +0200},
  biburl    = {http://dblp.org/rec/bib/conf/cav/DutertreM06},
  bibsource = {dblp computer science bibliography, http://dblp.org}
}

@proceedings{DBLP:conf/cav/2006,
  editor    = {Thomas Ball and
               Robert B. Jones},
  title     = {Computer Aided Verification, 18th International Conference, {CAV}
               2006, Seattle, WA, USA, August 17-20, 2006, Proceedings},
  series    = {Lecture Notes in Computer Science},
  volume    = {4144},
  publisher = {Springer},
  year      = {2006},

  
  isbn      = {3-540-37406-X},
  timestamp = {Fri, 02 Jun 2017 13:01:06 +0200},
  biburl    = {http://dblp.org/rec/bib/conf/cav/2006},
  bibsource = {dblp computer science bibliography, http://dblp.org}
}

@inproceedings{DBLP:conf/vmcai/MouraJ13,
  author    = {Leonardo Mendon{\c{c}}a de Moura and
               Dejan Jovanovic},
  title     = {A Model-Constructing Satisfiability Calculus},
  booktitle = {Verification, Model Checking, and Abstract Interpretation, 14th International
               Conference, {VMCAI} 2013, Rome, Italy, January 20-22, 2013. Proceedings},
  pages     = {1--12},
  year      = {2013},
  crossref  = {DBLP:conf/vmcai/2013},

  
  timestamp = {Wed, 24 May 2017 08:30:31 +0200},
  biburl    = {http://dblp.org/rec/bib/conf/vmcai/MouraJ13},
  bibsource = {dblp computer science bibliography, http://dblp.org}
}

@proceedings{DBLP:conf/vmcai/2013,
  editor    = {Roberto Giacobazzi and
               Josh Berdine and
               Isabella Mastroeni},
  title     = {Verification, Model Checking, and Abstract Interpretation, 14th International
               Conference, {VMCAI} 2013, Rome, Italy, January 20-22, 2013. Proceedings},
  series    = {Lecture Notes in Computer Science},
  volume    = {7737},
  publisher = {Springer},
  year      = {2013},

  
  isbn      = {978-3-642-35872-2},
  timestamp = {Wed, 24 May 2017 08:30:31 +0200},
  biburl    = {http://dblp.org/rec/bib/conf/vmcai/2013},
  bibsource = {dblp computer science bibliography, http://dblp.org}
}


@inproceedings{DBLP:conf/cav/McMillanKS09,
  author    = {Kenneth L. McMillan and
               Andreas Kuehlmann and
               Mooly Sagiv},
  title     = {Generalizing {DPLL} to Richer Logics},
  booktitle = {Computer Aided Verification, 21st International Conference, {CAV}
               2009, Grenoble, France, June 26 - July 2, 2009. Proceedings},
  pages     = {462--476},
  year      = {2009},
  crossref  = {DBLP:conf/cav/2009},

  doi       = {10.1007/978-3-642-02658-4_35},
  timestamp = {Thu, 25 May 2017 00:39:07 +0200},
  biburl    = {http://dblp.org/rec/bib/conf/cav/McMillanKS09},
  bibsource = {dblp computer science bibliography, http://dblp.org}
}

@proceedings{DBLP:conf/cav/2009,
  editor    = {Ahmed Bouajjani and
               Oded Maler},
  title     = {Computer Aided Verification, 21st International Conference, {CAV}
               2009, Grenoble, France, June 26 - July 2, 2009. Proceedings},
  series    = {Lecture Notes in Computer Science},
  volume    = {5643},
  publisher = {Springer},
  year      = {2009},

  doi       = {10.1007/978-3-642-02658-4},
  isbn      = {978-3-642-02657-7},
  timestamp = {Thu, 25 May 2017 00:39:07 +0200},
  biburl    = {http://dblp.org/rec/bib/conf/cav/2009},
  bibsource = {dblp computer science bibliography, http://dblp.org}
}

@inproceedings{DBLP:conf/cade/JovanovicM12,
  author    = {Dejan Jovanovic and
               Leonardo Mendon{\c{c}}a de Moura},
  title     = {Solving Non-linear Arithmetic},
  booktitle = {Automated Reasoning - 6th International Joint Conference, {IJCAR}
               2012, Manchester, UK, June 26-29, 2012. Proceedings},
  pages     = {339--354},
  year      = {2012},
  crossref  = {DBLP:conf/cade/2012},

  doi       = {10.1007/978-3-642-31365-3_27},
  timestamp = {Mon, 13 Nov 2017 16:57:23 +0100},
  biburl    = {http://dblp.org/rec/bib/conf/cade/JovanovicM12},
  bibsource = {dblp computer science bibliography, http://dblp.org}
}

@proceedings{DBLP:conf/cade/2012,
  editor    = {Bernhard Gramlich and
               Dale Miller and
               Uli Sattler},
  title     = {Automated Reasoning - 6th International Joint Conference, {IJCAR}
               2012, Manchester, UK, June 26-29, 2012. Proceedings},
  series    = {Lecture Notes in Computer Science},
  volume    = {7364},
  publisher = {Springer},
  year      = {2012},

  doi       = {10.1007/978-3-642-31365-3},
  isbn      = {978-3-642-31364-6},
  timestamp = {Mon, 13 Nov 2017 16:57:23 +0100},
  biburl    = {http://dblp.org/rec/bib/conf/cade/2012},
  bibsource = {dblp computer science bibliography, http://dblp.org}
}

@inproceedings{DBLP:conf/fmcad/DetersR0BT14,
  author    = {Morgan Deters and
               Andrew Reynolds and
               Tim King and
               Clark W. Barrett and
               Cesare Tinelli},
  title     = {A tour of {CVC4:} How it works, and how to use it},
  booktitle = {Formal Methods in Computer-Aided Design, {FMCAD} 2014, Lausanne, Switzerland,
               October 21-24, 2014},
  pages     = {7},
  year      = {2014},
  crossref  = {DBLP:conf/fmcad/2014},

  doi       = {10.1109/FMCAD.2014.6987586},
  timestamp = {Thu, 15 Jun 2017 21:35:42 +0200},
  biburl    = {http://dblp.org/rec/bib/conf/fmcad/DetersR0BT14},
  bibsource = {dblp computer science bibliography, http://dblp.org}
}

@proceedings{DBLP:conf/fmcad/2014,
  title     = {Formal Methods in Computer-Aided Design, {FMCAD} 2014, Lausanne, Switzerland,
               October 21-24, 2014},
  publisher = {{IEEE}},
  year      = {2014},

  isbn      = {978-0-9835678-4-4},
  timestamp = {Thu, 08 Jan 2015 11:21:45 +0100},
  biburl    = {http://dblp.org/rec/bib/conf/fmcad/2014},
  bibsource = {dblp computer science bibliography, http://dblp.org}
}




@article{DBLP:journals/jar/JovanovicM13,
  author    = {Dejan Jovanovic and
               Leonardo Mendon{\c{c}}a de Moura},
  title     = {Cutting to the Chase - Solving Linear Integer Arithmetic},
  journal   = {J. Autom. Reasoning},
  volume    = {51},
  number    = {1},
  pages     = {79--108},
  year      = {2013},

  doi       = {10.1007/s10817-013-9281-x},
  timestamp = {Sat, 20 May 2017 00:22:32 +0200},
  biburl    = {http://dblp.org/rec/bib/journals/jar/JovanovicM13},
  bibsource = {dblp computer science bibliography, http://dblp.org}
}



@book{gentle2012handbook,
	title={Handbook of computational statistics: concepts and methods},
	author={Gentle, J.E. and H{\"a}rdle, W.K. and Mori, Y.},
	year={2012},
	publisher={Springer}
}

@misc{do2012numerically,
	title={Numerically efficient methods for solving least squares problems},
	author={Lee, Do Q},
	year={2012},
}

@book{corless2013graduate,
	title={A graduate introduction to numerical methods},
	author={Corless, R. and Fillion, N.},
	year={2013},
	publisher={Springer}
}

@article{hansen1990truncated,
	title={Truncated singular value decomposition solutions to discrete ill-posed problems with ill-determined numerical rank},
	author={Hansen, Per Christian},
	journal={SIAM Journal on Scientific and Statistical Computing},
	volume={11},
	number={3},
	pages={503--518},
	year={1990},
	publisher={SIAM}
}

@article{chung1977lattices,
	title={On lattices admitting unique Lagrange interpolations},
	author={Chung, Kwok Chiu and Yao, Te Hai},
	journal={SIAM Journal on Numerical Analysis},
	volume={14},
	number={4},
	pages={735--743},
	year={1977},
	publisher={SIAM}
}

@article{olver2006multivariate,
	title={On multivariate interpolation},
	author={Olver, Peter J},
	journal={Studies in Applied Mathematics},
	volume={116},
	number={2},
	pages={201--240},
	year={2006},
	publisher={Wiley Online Library}
}

@article{saniee2008simple,
	title={A simple expression for multivariate Lagrange interpolation},
	author={Saniee, Kamron},
	year={2008}
}

@book{neri2016linear,
	title={Linear algebra for computational sciences and engineering},
	author={Neri, Ferrante and others},
	year={2016},
	publisher={Springer}
}

@article{beckermann2000condition,
	title={The condition number of real Vandermonde, Krylov and positive definite Hankel matrices},
	author={Beckermann, Bernhard},
	journal={Numerische Mathematik},
	volume={85},
	number={4},
	pages={553--577},
	year={2000},
	publisher={Springer}
}

@book{userguide:lapack,
	AUTHOR = {Anderson, E. and Bai, Z. and Bischof, C. and
	Blackford, S. and Demmel, J. and Dongarra, J. and
	Du Croz, J. and Greenbaum, A. and Hammarling, S. and
	McKenney, A. and Sorensen, D.},
	TITLE = {{LAPACK} Users' Guide},
	EDITION = {3rd},
	PUBLISHER = {SIAM},
	YEAR = {1999},
	ADDRESS = {Philadelphia, PA},
	ISBN = {0-89871-447-8 (paperback)} 
}

@article{zhang2013kronecker,
	title={On the Kronecker products and their applications},
	author={Zhang, Huamin and Ding, Feng},
	journal={Journal of Applied Mathematics},
	volume={2013},
	year={2013},
	publisher={Hindawi}
}


@book{eisenbud2013commutative,
  title={Commutative Algebra: with a view toward algebraic geometry},
  author={Eisenbud, David},
  volume={150},
  year={2013},
  publisher={Springer Science \& Business Media}
}

@misc{blas2017,
	title={{BLAS} (Basic Linear Algebra Subprograms)},
	year={2017},
	note={\url{http://www.netlib.org/blas/}}
}

@mastersthesis{brandt2018high,
	author       = {Alexander Brandt},
	title        = {High Performance Sparse Multivariate Polynomials: Fundamental Data Structures and Algorithms},
	school       = {University of Western Ontario},
	year         = {2018},
	address      = {London, ON, Canada}
}
