@article{10.1109/SFCS.1994.365680,
author = {R. D. Blumofe and C. E. Leiserson},
title = {{Scheduling Multithreaded Computations by Work Stealing}},
journal ={Foundations of Computer Science, Annual IEEE Symposium on},
volume = {0},
isbn = {0-8186-6580-7},
year = {1994},
pages = {356 -- 368},

publisher = {IEEE Computer Society},
address = {Los Alamitos, CA, USA}
}


@article{10.2307/2004173,
 ISSN = {00255718, 10886842},

 author = {J. Sch\"{o}nheim},
 journal = {Mathematics of Computation},
 number = {98},
 pages = {253-257},
 publisher = {American Mathematical Society},
 title = {Conversion of Modular Numbers to their Mixed Radix Representation by Matrix Formula},
 volume = {21},
 year = {1967}
}


@inproceedings{1990-bach-cba,
 author = {Bach, E. and Driscoll, J. and Shallit, J.},
 title = {{Factor Refinement}},
 booktitle = {Symposium on Discrete Algorithms},
 year = {1990},
 pages = {201--211}
 } 

@article{1997-Bern-tcs,
 author = {Bernardin, L.},
 title = {{On Square-free Factorization of Multivariate Polynomials over a Finite Field}},
 journal = {Theoretical Computer Science},
 volume = {187},
 issue = {1-2},
 month = {November},
 year = {1997},
 issn = {0304-3975},
 pages = {105--116},
 numpages = {12},


 acmid = {270790},
 publisher = {Elsevier Science Publishers Ltd.},
 address = {Essex, UK},
 keywords = {finite field, multivariate polynomial, square-free factorization}
}

@article{1999-xuan,
author={T. Z. Xuan},
journal={Acta Arithmetica},
pages={327--332},
title={{On smooth integers in short intervals under the Riemann hypothesis}},
volume={88},
year={1999}
}

@inproceedings{2010-leis-pas,
 author = {E. Leiserson, C. and Li, L. and {Moreno Maza},  M. and Xie, Y.},
 title = {Parallel Computation of the Minimal Elements of a Poset},
 booktitle = {4th International Workshop on Parallel and Symbolic Computation},
 year = {2010},
 pages = {53--62}
 }

@ARTICLE{2012arXiv1201.5086M,
author = {{Moreno Maza}, M. and {Xiao}, R.},
 title = "{Generating Program Invariants via Interpolation}",
  journal = {ArXiv e-prints},
archivePrefix = "arXiv",
eprint = {1201.5086},
 primaryClass = "cs.SE",
 keywords = {Computer Science - Software Engineering, Computer Science - Discret
e Mathematics, Computer Science - Symbolic Computation, Mathematics - Combinator
ics},
  year = 2012,
 month = jan,
adsurl = {[4]http://adsabs.harvard.edu/abs/2012arXiv1201.5086M},
  adsnote = {Provided by the SAO/NASA Astrophysics Data System}
}

@Article{A-GKPP06b,
author   = {Jorge Guajardo and Tim Gueneysu and 
           Christof Paar and Jan Pelzl},
title    = "{Efficient Hardware Implementation of Finite Fields 
           with Applications to Cryptography}",
journal  = {Acta Applicandae Mathematicae: An International 
           Survey Journal on Applying Mathematics and 
           Mathematical Applications},
year     = {2006},
OPTkey   = {},
volume   = {93},
number   = {1--3},
pages    = {75--118},
month    = {August}
}

@article{AMX11,
   title={On the Factor Refinement Principle and its Implementation on Multicore Architectures},
   author={M. Md. {Ali} and M. {Moreno Maza} and  Y. Xie}, 
   JOURNAL = {J. of Physics: Conference Series},
   VOLUME = {385},
 numpages = {10},

   year={2012}
}

@book{Aho:1974:AnalysisAlgo,
 author = {V. Aho, A.  and E. Hopcroft, J. and D. Ullman, J.},
 title = {{The Design and Analysis of Computer Algorithms}},
 year = {1974},
 publisher = {Addison-Wesley Publishing Company}
}

@article{Akl:1987:OPM:40919.40931,
 author = {Akl, S. G. and Santoro, N.},
 title = {Optimal Parallel Merging and Sorting Without Memory Conflicts},
 journal = {IEEE Trans. Comput.},
 issue_date = {Nov. 1987},
 volume = {36},
 number = {11},
 month = nov,
 year = {1987},
 issn = {0018-9340},
 pages = {1367--1369},
 numpages = {3},


 acmid = {40931},
 publisher = {IEEE Computer Society},
 address = {Washington, DC, USA},
 keywords = {Memory conflicts, merging, optimal algorithm, parallel computation, selection, self-reconfiguring algorithm, shared-memory module, sorting},
}


@article{Allen:1970:CFA:390013.808479,
 author = {Allen, Frances E.},
 title = {Control Flow Analysis},
 journal = {SIGPLAN Not.},
 issue_date = {July 1970},
 volume = {5},
 number = {7},
 month = jul,
 year = {1970},
 issn = {0362-1340},
 pages = {1--19},
 numpages = {19},
 note = {\url{http://doi.acm.org/10.1145/390013.808479}},

 acmid = {808479},
 publisher = {ACM},
 address = {New York, NY, USA}
}

@inproceedings{Amin04, 
 author = {A. Gr{\"o}{\ss}linger and M. Griebl and C. Lengauer},
 title = {Introducing non-linear parameters to the polyhedron model},
 booktitle = {Proceedings of 11th Workshop on Compilers for Parallel Computers},
 series = {CPC '04},
 year = {2004},
 pages = {1--12}
} 

@article{Ancourt:1991:SPL:109626.109631,
 author = {Ancourt, Corinne and Irigoin, Fran\c{c}ois},
 title = {Scanning polyhedra with DO loops},
 journal = {SIGPLAN Not.},
 issue_date = {July 1991},
 volume = {26},
 number = {7},
 month = apr,
 year = {1991},
 issn = {0362-1340},
 pages = {39--50},
 numpages = {12},


 acmid = {109631},
 publisher = {ACM},
 address = {New York, NY, USA}
}

@incollection{Andrzej13,
	year={2013},
	booktitle={IAENG Transactions on Engineering Technologies},
	volume={229},
	series={Lecture Notes in Electrical Engineering},
	title={Parallel Algorithm for Multiplying Integer Polynomials and Integers},
	publisher={Springer Netherlands},
	author={Chmielowiec, A.},
	pages={605-616},
}

@article{Arnold:2003:MAC:937627.937629,
 author = {Arnold, E. A.},
 title = {Modular Algorithms for Computing {Gr\"{o}bner} Bases},
 journal = {J. Symb. Comput.},
 volume = {35},
 number = {4},
 year = {2003},
 issn = {0747-7171},
 pages = {403--419},
 numpages = {17},


 acmid = {937629},
 publisher = {Academic Press, Inc.},
 address = {Duluth, MN, USA}
}

@article{Aubry:1999:TTS:312566.312579,
 author = {Aubry, P. and Lazard, D. and {Moreno Maza}, M.},
 title = {On the Theories of Triangular Sets},
 journal = {J. Symb. Comput.},
 volume = {28},
 issue = {1-2},
 month = {July},
 year = {1999},
 issn = {0747-7171},
 pages = {105--124},
 numpages = {20},


 acmid = {312579},
 publisher = {Academic Press, Inc.},
 address = {Duluth, MN, USA},
}


@incollection{Ayguade:2007:EEN:1433050.1433057,
 author = {Ayguad{\'e}, Eduard and Duran, Alejandro and Hoeflinger, Jay and Massaioli, Federico and Teruel, Xavier},
 chapter = {An Experimental Evaluation of the New {OpenMP} Tasking Model},
 title = {Languages and Compilers for Parallel Computing},
 editor = {Adve, Vikram and Garzar\'{a}n, Mar\'{\i}a Jes\'{u}s and Petersen, Paul},
 year = {2008},
 isbn = {978-3-540-85260-5},
 pages = {63--77},
 numpages = {15},


 acmid = {1433057},
 publisher = {Springer-Verlag},
 address = {Berlin, Heidelberg},
}


@article{Bacon:2013:FPM:2436256.2436271,
 author = {Bacon, David F. and Rabbah, Rodric and Shukla, Sunil},
 title = {FPGA Programming for the Masses},
 journal = {Commun. ACM},
 issue_date = {April 2013},
 volume = {56},
 number = {4},
 month = apr,
 year = {2013},
 issn = {0001-0782},
 pages = {56--63},
 numpages = {8},


 acmid = {2436271},
 publisher = {ACM},
 address = {New York, NY, USA},
}

@inproceedings{Baskaran:2008:CFO:1375527.1375562,
 author = {Baskaran, M. and Bondhugula, U. and Krishnamoorthy, S. and Ramanujam, J. and Rountev, A. and Sadayappan, P.},
 title = {A compiler framework for optimization of affine loop nests for {GPGPUs}},
 booktitle = {Proceedings of the 22nd annual international conference on Supercomputing},
 series = {ICS '08},
 year = {2008},
 isbn = {978-1-60558-158-3},
 location = {Island of Kos, Greece},
 pages = {225--234},
 numpages = {10},


 acmid = {1375562},
 publisher = {ACM},
 address = {New York, NY, USA},
 keywords = {GPU, empirical tuning, memory access optimization, polyhedral model}
} 

@inproceedings{Baskaran:2010:ACC:2175462.2175482,
 author = {Baskaran, M. and Ramanujam, J. and Sadayappan, P.},
 title = {Automatic {C}-to-{CUDA} code generation for affine programs},
 booktitle = {Proceedings of CC'10/ETAPS'10},
 year = {2010},
 isbn = {3-642-11969-7, 978-3-642-11969-9},
 location = {Paphos, Cyprus},
 pages = {244--263},
 numpages = {20},

 acmid = {2175482},
 publisher = {Springer-Verlag},
 address = {Berlin, Heidelberg}
}

@inproceedings{Bastoul:2004:CGP:1025127.1025992,
 author = {Bastoul, C.},
 title = {Code Generation in the Polyhedral Model Is Easier Than You Think},
 booktitle = {Proceedings of the 13th International Conference on Parallel Architectures and Compilation Techniques},
 series = {PACT '04},
 year = {2004},
 isbn = {0-7695-2229-7},
 pages = {7--16},
 numpages = {10},


 acmid = {1025992},
 publisher = {IEEE Computer Society},
 address = {Washington, DC, USA}
}

@inproceedings{Basumallik:2005:TAT:1088149.1088174,
 author = {Basumallik, Ayon and Eigenmann, Rudolf},
 title = {Towards Automatic Translation of {OpenMP} to {MPI}},
 booktitle = {Proceedings of the 19th Annual International Conference on Supercomputing},
 series = {ICS '05},
 year = {2005},
 isbn = {1-59593-167-8},
 location = {Cambridge, Massachusetts},
 pages = {189--198},
 numpages = {10},

 note = {\url{http://doi.acm.org/10.1145/1088149.1088174}},

 acmid = {1088174},
 publisher = {ACM},
 address = {New York, NY, USA},
 keywords = {MPI, OpenMP, commodity clusters, compiler techniques, performance}
}

@article{Belady:1966:AStudy,
 author = {A. Belady, L.},
 title = {{A Study of Replacement Algorithms for Virtual Storage Computers}},
 journal = {IBM Systems Journal},
 volume = {5},
 issue = {2},
 year = {1966},
 pages = {78--101}
}

@inproceedings{Benabderrahmane:2010:PMM:2175462.2175484,
 author = {Benabderrahmane, M. and Pouchet, L. and Cohen, A. and Bastoul, C.},
 title = {The polyhedral model is more widely applicable than you think},
 booktitle = {Proceedings of the 19th joint European conference on Theory and Practice of Software, international conference on Compiler Construction},
 series = {CC'10/ETAPS'10},
 year = {2010},
 isbn = {3-642-11969-7, 978-3-642-11969-9},
 location = {Paphos, Cyprus},
 pages = {283--303},
 numpages = {21},


 acmid = {2175484},
 publisher = {Springer-Verlag},
 address = {Berlin, Heidelberg}
} 

@inproceedings{Bertolli:2014:CGT:2688361.2688364,
 author = {Bertolli, Carlo and Antao, Samuel F. and Eichenberger, Alexandre E. and O'Brien, Kevin and Sura, Zehra and Jacob, Arpith C. and Chen, Tong and Sallenave, Olivier},
 title = {Coordinating {GPU} Threads for {OpenMP} 4.0 in {LLVM}},
 booktitle = {Proceedings of LLVM-HPC '14},
 year = {2014},
 isbn = {978-1-4799-7023-0},
 location = {New Orleans, Louisiana},
 pages = {12--21},
 numpages = {10},

 acmid = {2688364},
 publisher = {IEEE Press}
}

@TECHREPORT{Bik94implementationof,
    author = {Aart J. C. Bik and Harry A. G. Wijshoff},
    title = {Implementation of Fourier-Motzkin Elimination},
    institution = {},
    year = {1994}
}


@inproceedings{Blelloch:1997:PF:258492.258517,
 author = {Blelloch, Guy E. and Reid-Miller, Margaret},
 title = {Pipelining with Futures},
 booktitle = {Proceedings of the Ninth Annual ACM Symposium on Parallel Algorithms and Architectures},
 series = {SPAA '97},
 year = {1997},
 isbn = {0-89791-890-8},
 location = {Newport, Rhode Island, USA},
 pages = {249--259},
 numpages = {11},

 note = {\url{http://doi.acm.org/10.1145/258492.258517}},

 acmid = {258517},
 publisher = {ACM},
 address = {New York, NY, USA}
}




@inproceedings{Blumofe:1995:CEM:209936.209958,
 author = {Blumofe, R. D. and Joerg, C. F. and Kuszmaul, B. C. and Leiserson, C. E. and Randall, K. H. and Zhou, Y.},
 title = {{Cilk}: An Efficient Multithreaded Runtime System},
 booktitle = {Proceedings of the Fifth ACM SIGPLAN Symposium on Principles and Practice of Parallel Programming},
 series = {PPOPP '95},
 year = {1995},
 isbn = {0-89791-700-6},
 location = {Santa Barbara, California, USA},
 pages = {207--216},
 numpages = {10},


 acmid = {209958},
 publisher = {ACM},
 address = {New York, NY, USA},
} 


@article{Blumofe:1995:CEM:209937.209958,
 author = {Blumofe, R. D. and Joerg, C. F. and Kuszmaul, B. C. and Leiserson, C. E. and Randall, K. H. and Zhou, Y.},
 title = {Cilk: An Efficient Multithreaded Runtime System},
 journal = {SIGPLAN Not.},
 issue_date = {Aug. 1995},
 volume = {30},
 number = {8},
 month = aug,
 year = {1995},
 issn = {0362-1340},
 pages = {207--216},
 numpages = {10},


 acmid = {209958},
 publisher = {ACM},
 address = {New York, NY, USA},
} 

@article{Bondhugula:2008:PAP:1379022.1375595,
 author = {Bondhugula, U. and Hartono, A. and Ramanujam, J. and Sadayappan, P.},
 title = {A practical automatic polyhedral parallelizer and locality optimizer},
 journal = {SIGPLAN Not.},
 issue_date = {June 2008},
 volume = {43},
 number = {6},
 month = jun,
 year = {2008},
 issn = {0362-1340},
 pages = {101--113},
 numpages = {13},


 acmid = {1375595},
 publisher = {ACM},
 address = {New York, NY, USA},
 keywords = {affine transformations, automatic parallelization, locality optimization, loop transformations, polyhedral model, tiling}
} 

@inproceedings{Braun:2009:RSL:1532828.1532841,
 author = {Braun, Matthias and Hack, Sebastian},
 title = {Register Spilling and Live-Range Splitting for {SSA}-Form Programs},
 booktitle = {Proceedings of the 18th International Conference on Compiler Construction: Held As Part of the Joint European Conferences on Theory and Practice of Software, ETAPS 2009},
 series = {CC '09},
 year = {2009},
 isbn = {978-3-642-00721-7},
 location = {York, UK},
 pages = {174--189},
 numpages = {16},


 acmid = {1532841},
 publisher = {Springer-Verlag},
 address = {Berlin, Heidelberg}
}


@article{Brent:1974:PEG:321812.321815,
 author = {Brent, R. P.},
 title = {The Parallel Evaluation of General Arithmetic Expressions},
 journal = {J. ACM},
 volume = {21},
 number = {2},
 year = {1974},
 pages = {201--206},
 numpages = {6},
 publisher = {ACM},
 address = {New York, NY, USA},
}


@article{Bro03,
 author = {Brown, C. W.},
 title = {{\sc qepcad b}: a program for computing with semi-algebraic sets using {CAD}s},
 journal = {SIGSAM Bull.},
 volume = {37},
 number = {4},
 year = {2003},
 issn = {0163-5824},
 pages = {97--108},

 publisher = {ACM},
 address = {New York, NY, USA}
 }

@book{Brown:1991:VCS:140847,
 editor = {Brown, A.},
 title = {VLSI Circuits and Systems in Silicon},
 year = {1991},
 isbn = {0-07-707221-9},
 publisher = {McGraw-Hill, Inc.},
 address = {New York, NY, USA},
} 

@InProceedings{BrownDavenport2007,
  author =   {C. W. Brown and J. H. Davenport},
  title =    {The Complexity of Quantifier Elimination and Cylindrical Algebraic Decomposition},
  booktitle =    {Proc. ISSAC'07},
  pages = {54--60},
}

@PhdThesis{BrownThesis99,
  author =   {C. W. Brown},
  title =    {{Solution Formula Construction for Truth Invariant CAD's}},
  school =   {University of Delaware},
  year =     1999
}

@book{Bruno1998,
author = {Buchberger, B. and Winkler, F.},
title = {{Gr$\ddot{o}$bner Bases and Applications}},
year = {1998}, 
isbn = {0521632986},
publisher = {Cambridge University Press},
address = {LNS 251},
}

@book{Buchberger:1983:CAS:2191,
 editor = {Buchberger, B. and Collins, George E. and Loos, Rudiger and Albrecht, Rudolf},
 title = {Computer algebra: symbolic and algebraic computation (2nd ed.)},
 year = {1983},
 isbn = {0-387-81776-K},
 publisher = {Springer-Verlag New York, Inc.},
 address = {New York, NY, USA}
}

@InProceedings{CCMMXX-2016,
  author = 	 {C. Chen and
               S. Covanov and
               F. Mansouri and
               M. {Moreno Maza} and
               N. Xie and
               Y. Xie},
  title = 	 {Parallel Integer Polynomial Multiplication},
  booktitle = {International Symposium on Symbolic and Numeric Algorithms for Scientific Computing},
  year = 	 2016,
  publisher = {IEEE Society},
  note = 	 {To appear}}

@INPROCEEDINGS{CFSV1995, 
        author = {Cheatham, T. and Fahmy, A. and Stefanescu, D. C. and Valiant, L. G.},
        title = {Bulk synchronous parallel computing-a paradigm for transportable software},
        booktitle = {Proc. of HICSS},
        year = {1995},
        pages = {268-275},
        publisher = {IEEE Computer Society},
        address = {Washington, DC, USA}
}

@ARTICLE{CM12,
author = {{Chen}, C. and {Moreno Maza}, M.},
 title = "{An incremental algorithm for computing cylindrical algebraic decompositions}",
  journal = {Proceedings of Asian Symposium of Computer Mathematics (ASCM) 2012},
  address={Beijing, China},
  note = {\url{http://arxiv.org/abs/1210.5543}},
  year = {Oct. 2012}
}

@TechReport{CMS2013,
  author =	 {X. Chen and M. {Moreno Maza}},
  title =  {{MetaFork}: A Metalanguage for Concurrency Platforms Targeting Multicores},
year = 	 2013,
  note = {\url{http://www.csd.uwo.ca/~moreno//Publications/Meta_fork_specifications.pdf}}, 	 
  institution =  {U. of Western Ontario}
} 

@TechReport{CMS2013b,
  author =	 {X. Chen and M. {Moreno Maza} and S. Shekar},
  title =  {Experimenting with the {MetaFork} Framework Targeting Multicores},
year = 	 2013,
  note = {\url{http://www.csd.uwo.ca/~moreno//Publications/Meta_fork_experimentation.pdf}}, 
  institution =  {U. of Western Ontario}
}

@article{CMX11,
   title={Cache Complexity and Multicore Implementation for Univariate Real Root Isolation},
   author={C. {Chen} and M. {Moreno Maza} and  Y. Xie}, 
   JOURNAL = {J. of Physics: Conference Series},
   VOLUME = {341},
 numpages = {12},
   year={2011}
}



@inproceedings{CMXY09,
  author =	 {Chen, C. and {Moreno Maza}, M. and {Xia}, B. and Yang, L.},
 title = {Computing Cylindrical Algebraic Decomposition via
           Triangular Decomposition},
   booktitle = {ISSAC'09},
year = {2009},
  pages = {95-102}
}

@Misc{CanadaICT2014,
  howpublished =	 {{Government of Canada}},
  title = 	 {{Canadian ICT Sector Profile – 2014}},
  year = 	 2014,

  note = {\url{https://www.ic.gc.ca/eic/site/ict-tic.nsf/eng/h_it07229.html}}
}


@inproceedings{Cao:2012:SSS:2357488.2357853,
 author = {Cao, Qian and Zuo, Min},
 title = {A Scheduling Strategy Supporting {OpenMP} Task on Heterogeneous Multicore},
 booktitle = {Proceedings of the 2012 IEEE 26th International Parallel and Distributed Processing Symposium Workshops \& PhD Forum},
 series = {IPDPSW '12},
 year = {2012},
 isbn = {978-0-7695-4676-6},
 pages = {2077--2084},
 numpages = {8},


 acmid = {2357853},
 publisher = {IEEE Computer Society},
 address = {Washington, DC, USA},
 keywords = {OpenMP 3.0, task, Hybrid scheduling strategy, heterogeneous multicore}
}

@Book{CavinesJohnson98,
  editor = "B. Caviness and J. Johnson",
  title = "Quantifier Elimination and Cylindical Algebraic Decomposition, Texts and Mongraphs in Symbolic Computation",
  publisher = "Springer",
  year = "1998"
} 


@article{Che:2008:PSG:1412749.1412827,
 author = {Che, S. and Boyer, M. and Meng, J. and Tarjan, D. and Sheaffer, J. W. and Skadron, K.},
 title = {A performance study of general-purpose applications on graphics processors using {CUDA}},
 journal = {J. Parallel Distrib. Comput.},
 volume = {68},
 number = {10},
 year = {2008},
 pages = {1370--1380},
 numpages = {11},
 publisher = {Academic Press, Inc.},
 address = {Orlando, FL, USA}
} 

@misc{CilkPlusSpecs,
  howpublished = {{Intel Corporation}},
title = {{Intel CilkPlus} language specification, version 0.9},
   year = 	 2013,
   url = {http://www.cilkplus.org/sites/default/files/open_specifications/cilk_plus_language_specification_0_9.pdf}
}

@Misc {CiteMaple,
   author = {},
   title = {{Maple}},
   howpublished = {\texttt{http://www.maplesoft.com}},
}

@Misc {CiteSharcnet,
   author = {},
   title = {{{Sharcnet}: Computing tomorrow'{\unskip}s solutions}},
   howpublished = {\texttt{https://www.sharcnet.ca}},
}

@Misc{Clang,
        author = {},
        title = {Clang: a {C} language family frontend for {LLVM}},                        

}

@inproceedings{Clauss:1996:CSL:237578.237617,
 author = {Clauss, Philippe},
 title = {Counting solutions to linear and nonlinear constraints through Ehrhart polynomials: applications to analyze and transform scientific programs},
 booktitle = {Proceedings of the 10th international conference on Supercomputing},
 series = {ICS '96},
 year = {1996},
 isbn = {0-89791-803-7},
 location = {Philadelphia, Pennsylvania, United States},
 pages = {278--285},
 numpages = {8},


 acmid = {237617},
 publisher = {ACM},
 address = {New York, NY, USA}
}

@Article{CoTu65,
  author =       {Cooley, J. and Tukey, J.},
  title =        {An algorithm for the machine calculation of complex {F}ourier series},
  journal =      {Math. Comp.},
  year =         1965,
  pages = {297--301},
  volume =       19
}

@article{Collins:1974:QER:1086837.1086852,
 author = {E. Collins, G.},
 title = {{Quantifier Elimination for Real Closed Fields by Cylindrical Algebraic Decomposition--Preliminary Report}},
 journal = {SIGSAM Bull.},
 volume = {8},
 issue = {3},
 month = {August},
 year = {1974},
 issn = {0163-5824},
 pages = {80--90},
 numpages = {11},


 acmid = {1086852},
 publisher = {ACM},
 address = {New York, NY, USA},
}

@article{CooleyTukey,
  author = {J. Cooley and J. Tukey},
  journal = {Mathematics of Computation},
  number = 90,
  pages = {297-301},
  title = {An Algorithm for the Machine Calculation of Complex Fourier Series},
  volume = 19,
  year = 1965
}


@Misc {Cuda,
   author = {},
   title = {{CUDA}},
   howpublished = {\texttt{http://www.nvidia.com/object/cuda\_home\_new.html}},
}

@article{Cytron:1991:ECS:115372.115320,
 author = {Cytron, Ron and Ferrante, Jeanne and Rosen, Barry K. and Wegman, Mark N. and Zadeck, F. Kenneth},
 title = {Efficiently Computing Static Single Assignment Form and the Control Dependence Graph},
 journal = {ACM Trans. Program. Lang. Syst.},
 issue_date = {Oct. 1991},
 volume = {13},
 number = {4},
 month = oct,
 year = {1991},
 issn = {0164-0925},
 pages = {451--490},
 numpages = {40},


 acmid = {115320},
 publisher = {ACM},
 address = {New York, NY, USA},
 keywords = {control dependence, control flow graph, def-use chain, dominator, optimizing compilers}
}

@book{DBLP:books/daglib/0023376,
  author    = {Thomas H. Cormen and
               Charles E. Leiserson and
               Ronald L. Rivest and
               Clifford Stein},
  title     = {Introduction to Algorithms (3. ed.)},
  publisher = {MIT Press},
  year      = {2009},
  isbn      = {978-0-262-03384-8},
  pages     = {I-XIX, 1-1292},

  bibsource = {DBLP, http://dblp.uni-trier.de}
}

@book{DBLP:books/daglib/0080802,
  author    = {A. Sch{\"o}nhage and
               A. F. Grotefeld and
               E. Vetter},
  title     = {Fast algorithms - a multitape Turing machine implementation},
  publisher = {BI-Wissenschaftsverlag},
  year      = {1994},
  isbn      = {978-3-86025-543-8},
  pages     = {I-X, 1-297},
  bibsource = {DBLP, http://dblp.uni-trier.de}
}

@proceedings{DBLP:conf/acisp/2008,
  editor    = {Yi Mu and
               Willy Susilo and
               Jennifer Seberry},
  title     = {Information Security and Privacy, 13th Australasian Conference, {ACISP}
               2008, Wollongong, Australia, July 7-9, 2008, Proceedings},
  series    = {Lecture Notes in Computer Science},
  volume    = {5107},
  publisher = {Springer},
  year      = {2008},
  isbn      = {978-3-540-69971-2},
  timestamp = {Thu, 03 Jul 2008 14:33:35 +0200},
  biburl    = {http://dblp.uni-trier.de/rec/bib/conf/acisp/2008},
  bibsource = {dblp computer science bibliography, http://dblp.org}
}

@proceedings{DBLP:conf/acisp/2009,
  editor    = {Colin Boyd and
               Juan Manuel Gonz{\'{a}}lez Nieto},
  title     = {Information Security and Privacy, 14th Australasian Conference, {ACISP}
               2009, Brisbane, Australia, July 1-3, 2009, Proceedings},
  series    = {Lecture Notes in Computer Science},
  volume    = {5594},
  publisher = {Springer},
  year      = {2009},


  isbn      = {978-3-642-02619-5},
  timestamp = {Wed, 24 Jun 2009 11:57:28 +0200},
  biburl    = {http://dblp.uni-trier.de/rec/bib/conf/acisp/2009},
  bibsource = {dblp computer science bibliography, http://dblp.org}
} 

@inproceedings{DBLP:conf/acisp/MrabetN09,
  author    = {Nadia El Mrabet and
               Christophe N{\`{e}}gre},
  title     = {Finite Field Multiplication Combining {AMNS} and {DFT} Approach for
               Pairing Cryptography},
  booktitle = {Information Security and Privacy, 14th Australasian Conference, {ACISP}
               2009, Brisbane, Australia, July 1-3, 2009, Proceedings},
  pages     = {422--436},
  year      = {2009},
  crossref  = {DBLP:conf/acisp/2009},


  timestamp = {Fri, 04 Sep 2009 13:13:06 +0200},
  biburl    = {http://dblp.uni-trier.de/rec/bib/conf/acisp/MrabetN09},
  bibsource = {dblp computer science bibliography, http://dblp.org}
}

@inproceedings{DBLP:conf/acisp/NegreP08,
  author    = {Christophe N{\`{e}}gre and
               Thomas Plantard},
  title     = {Efficient Modular Arithmetic in Adapted Modular Number System Using
               Lagrange Representation},
  booktitle = {Information Security and Privacy, 13th Australasian Conference, {ACISP}
               2008, Wollongong, Australia, July 7-9, 2008, Proceedings},
  pages     = {463--477},
  year      = {2008},
  crossref  = {DBLP:conf/acisp/2008},


  timestamp = {Thu, 03 Jul 2008 18:03:31 +0200},
  biburl    = {http://dblp.uni-trier.de/rec/bib/conf/acisp/NegreP08},
  bibsource = {dblp computer science bibliography, http://dblp.org}
}


@proceedings{DBLP:conf/asap/2014,
  title     = {{IEEE} 25th International Conference on Application-Specific Systems,
               Architectures and Processors, {ASAP} 2014, Zurich, Switzerland, June
               18-20, 2014},
  publisher = {{IEEE}},
  year      = {2014},

  timestamp = {Fri, 08 Aug 2014 17:51:10 +0200},
  biburl    = {http://dblp2.uni-trier.de/rec/bib/conf/asap/2014},
  bibsource = {dblp computer science bibliography, http://dblp.org}
}

@inproceedings{DBLP:conf/asap/MaCA14,
  author    = {L. Ma and
               R. D. Chamberlain and
               K. Agrawal},
  title     = {Performance modeling for highly-threaded many-core {GPUs}},
  booktitle = {{IEEE} 25th International Conference on Application-Specific Systems,
               Architectures and Processors, {ASAP} 2014, Zurich, Switzerland, June
               18-20, 2014},
  pages     = {84--91},
  year      = {2014}
}


@proceedings{DBLP:conf/ascm/2012,
  editor    = {Ruyong Feng and
               Wen{-}shin Lee and
               Yosuke Sato},
  title     = {Computer Mathematics, 9th Asian Symposium {(ASCM} 2009), Fukuoka,
               December 2009, 10th Asian Symposium {(ASCM} 2012), Beijing, October
               2012, Contributed Papers and Invited Talks},
  publisher = {Springer},
  year      = {2014},


  isbn      = {978-3-662-43798-8},
  timestamp = {Mon, 26 Jan 2015 09:48:40 +0100},
  note    = {\url{http://dblp.uni-trier.de/rec/bib/conf/ascm/2012}},
  bibsource = {dblp computer science bibliography, http://dblp.org}
}

@inproceedings{DBLP:conf/ascm/ChenM12,
  author    = {Changbo Chen and
               Marc {Moreno Maza}},
  title     = {An Incremental Algorithm for Computing Cylindrical Algebraic Decompositions},
  booktitle = {Computer Mathematics, 9th Asian Symposium {(ASCM} 2009), Fukuoka,
               December 2009, 10th Asian Symposium {(ASCM} 2012), Beijing, October
               2012, Contributed Papers and Invited Talks},
  pages     = {199--221},
  year      = {2012},
  crossref  = {DBLP:conf/ascm/2012},


  timestamp = {Mon, 26 Jan 2015 09:48:40 +0100},
  biburl    = {http://dblp.uni-trier.de/rec/bib/conf/ascm/ChenM12},
  bibsource = {dblp computer science bibliography, http://dblp.org}
} 

@proceedings{DBLP:conf/cap/2010,
  editor    = {M. {Moreno Maza} and
               J. Roch},
  title     = {Proceedings of the 4th International Workshop on Parallel
               Symbolic Computation, PASCO 2010, July 21-23, 2010, Grenoble,
               France},
  booktitle = {PASCO},
  publisher = {ACM},
  year      = {2010},
  isbn      = {978-1-4503-0067-4},
  bibsource = {DBLP, http://dblp.uni-trier.de}
}


@proceedings{DBLP:conf/cap/2015,
  editor    = {Jean{-}Guillaume Dumas and
               Erich L. Kaltofen and
               Cl{\'{e}}ment Pernet},
  title     = {Proceedings of the 2015 International Workshop on Parallel Symbolic
               Computation, {PASCO} 2015, Bath, United Kingdom, July 10-12, 2015},
  publisher = {{ACM}},
  year      = {2015},

  isbn      = {978-1-4503-3599-7},
  timestamp = {Thu, 30 Jul 2015 10:49:07 +0200},
  biburl    = {http://dblp.uni-trier.de/rec/bib/conf/cap/2015},
  bibsource = {dblp computer science bibliography, http://dblp.org}
} 



@inproceedings{DBLP:conf/cap/GastineauL15,
  author    = {Micka{\"{e}}l Gastineau and
               Jacques Laskar},
  title     = {Parallel sparse multivariate polynomial division},
  booktitle = {Proceedings of the 2015 International Workshop on Parallel Symbolic
               Computation, {PASCO} 2015, Bath, United Kingdom, July 10-12, 2015},
  pages     = {25--33},
  year      = {2015},
  crossref  = {DBLP:conf/cap/2015},

  note = {\url{http://doi.acm.org/10.1145/2790282.2790285}},

  timestamp = {Thu, 30 Jul 2015 10:53:37 +0200},
  biburl    = {http://dblp2.uni-trier.de/rec/bib/conf/cap/GastineauL15},
  bibsource = {dblp computer science bibliography, http://dblp.org}
}

@inproceedings{DBLP:conf/cap/GibsonM15,
  author    = {Matthew Gibson and
               Michael B. Monagan},
  title     = {Optimizing and parallelizing the modular {GCD} algorithm},
  booktitle = {Proceedings of the 2015 International Workshop on Parallel Symbolic
               Computation, {PASCO} 2015, Bath, United Kingdom, July 10-12, 2015},
  pages     = {44--52},
  year      = {2015},
  crossref  = {DBLP:conf/cap/2015},

  note = {\url{http://doi.acm.org/10.1145/2790282.2790287}},

  timestamp = {Thu, 30 Jul 2015 10:53:37 +0200},
  biburl    = {http://dblp.uni-trier.de/rec/bib/conf/cap/GibsonM15},
  bibsource = {dblp computer science bibliography, http://dblp.org}
}

@inproceedings{DBLP:conf/cap/LeisersonMLX10,
  author    = {Charles E. Leiserson and
               Marc {Moreno Maza} and
               Liyun Li and
               Yuzhen Xie},
  title     = {Parallel computation of the minimal elements of a poset},
  booktitle = {PASCO},
  year      = {2010},
  pages     = {53-62},

  crossref  = {DBLP:conf/cap/2010},
  bibsource = {DBLP, http://dblp.uni-trier.de}
}

@inproceedings{DBLP:conf/cap/MengVJMFX10,
  author    = {L. Meng and
               Y. Voronenko and
               J. R. Johnson and
               M. {Moreno Maza} and
               F. Franchetti and
               Y. Xie},
  title     = {Spiral-generated modular {FFT} algorithms},
  booktitle = {PASCO},
  year      = {2010},
  pages     = {169-170},

  crossref  = {DBLP:conf/cap/2010},
  bibsource = {DBLP, http://dblp.uni-trier.de}
}

@proceedings{DBLP:conf/casc/2012,
  editor    = {Vladimir P. Gerdt and
               Wolfram Koepf and
               Ernst W. Mayr and
               Evgenii V. Vorozhtsov},
  title     = {Computer Algebra in Scientific Computing - 14th International Workshop,
               {CASC} 2012, Maribor, Slovenia, September 3-6, 2012. Proceedings},
  series    = {Lecture Notes in Computer Science},
  volume    = {7442},
  publisher = {Springer},
  year      = {2012},


  isbn      = {978-3-642-32972-2},
  timestamp = {Tue, 04 Sep 2012 08:26:36 +0200},
  biburl    = {http://dblp.uni-trier.de/rec/bib/conf/casc/2012},
  bibsource = {dblp computer science bibliography, http://dblp.org}
}

@proceedings{DBLP:conf/casc/2013,
  editor    = {Vladimir P. Gerdt and
               Wolfram Koepf and
               Ernst W. Mayr and
               Evgenii V. Vorozhtsov},
  title     = {Computer Algebra in Scientific Computing - 15th International
               Workshop, CASC 2013, Berlin, Germany, September 9-13, 2013.
               Proceedings},
  booktitle = {CASC},
  publisher = {Springer},
  series    = {Lecture Notes in Computer Science},
  volume    = {8136},
  year      = {2013},
  isbn      = {978-3-319-02296-3},

  bibsource = {DBLP, http://dblp.uni-trier.de}
}



@proceedings{DBLP:conf/casc/2014,
  editor    = {Vladimir P. Gerdt and
               Wolfram Koepf and
               Werner M. Seiler and
               Evgenii V. Vorozhtsov},
  title     = {Computer Algebra in Scientific Computing - 16th International Workshop,
               {CASC} 2014, Warsaw, Poland, September 8-12, 2014. Proceedings},
  series    = {Lecture Notes in Computer Science},
  volume    = {8660},
  publisher = {Springer},
  year      = {2014},


  isbn      = {978-3-319-10514-7},
  timestamp = {Tue, 16 Sep 2014 09:35:32 +0200},
  biburl    = {http://dblp.uni-trier.de/rec/bib/conf/casc/2014},
  bibsource = {dblp computer science bibliography, http://dblp.org}
}




@proceedings{DBLP:conf/casc/2015,
  editor    = {Vladimir P. Gerdt and
               Wolfram Koepf and
               Werner M. Seiler and
               Evgenii V. Vorozhtsov},
  title     = {Computer Algebra in Scientific Computing - 17th International Workshop,
               {CASC} 2015, Aachen, Germany, September 14-18, 2015, Proceedings},
  series    = {Lecture Notes in Computer Science},
  volume    = {9301},
  publisher = {Springer},
  year      = {2015},


  isbn      = {978-3-319-24020-6},
  timestamp = {Wed, 30 Sep 2015 09:30:32 +0200},
  biburl    = {http://dblp.uni-trier.de/rec/bib/conf/casc/2015},
  bibsource = {dblp computer science bibliography, http://dblp.org}
}




@inproceedings{DBLP:conf/casc/AlvandiMSV15,
  author    = {Parisa Alvandi and
               Marc {Moreno Maza} and
               {\'{E}}ric Schost and
               Paul Vrbik},
  title     = {A Standard Basis Free Algorithm for Computing the Tangent Cones of
               a Space Curve},
  booktitle = {Computer Algebra in Scientific Computing - 17th International Workshop,
               {CASC} 2015, Aachen, Germany, September 14-18, 2015, Proceedings},
  pages     = {45--60},
  year      = {2015}
}

@inproceedings{DBLP:conf/casc/BradfordCDEMW14,
  author    = {Russell J. Bradford and
               Changbo Chen and
               James H. Davenport and
               Matthew England and
               Marc Moreno Maza and
               David J. Wilson},
  title     = {Truth Table Invariant Cylindrical Algebraic Decomposition by Regular
               Chains},
  booktitle = {Computer Algebra in Scientific Computing - 16th International Workshop,
               {CASC} 2014, Warsaw, Poland, September 8-12, 2014. Proceedings},
  pages     = {44--58},
  year      = {2014},
  crossref  = {DBLP:conf/casc/2014},


  timestamp = {Tue, 16 Sep 2014 09:41:13 +0200},
  biburl    = {http://dblp.uni-trier.de/rec/bib/conf/casc/BradfordCDEMW14},
  bibsource = {dblp computer science bibliography, http://dblp.org}
}





@inproceedings{DBLP:conf/casc/ChenM15,
  author    = {Changbo Chen and
               Marc {Moreno Maza}},
  title     = {Simplification of Cylindrical Algebraic Formulas},
  booktitle = {Computer Algebra in Scientific Computing - 17th International Workshop,
               {CASC} 2015, Aachen, Germany, September 14-18, 2015, Proceedings},
  pages     = {119--134},
  year      = {2015},
  crossref  = {DBLP:conf/casc/2015},


  timestamp = {Wed, 30 Sep 2015 09:35:43 +0200},
  biburl    = {http://dblp.uni-trier.de/rec/bib/conf/casc/ChenM15},
  bibsource = {dblp computer science bibliography, http://dblp.org}
}


@inproceedings{DBLP:conf/casc/GastineauL13,
  author    = {M. Gastineau and
               J. Laskar},
  title     = {Highly Scalable Multiplication for Distributed Sparse Multivariate
               Polynomials on Many-Core Systems},
  booktitle = {CASC},
  year      = {2013},
  pages     = {100-115},
  bibsource = {DBLP, http://dblp.uni-trier.de}
}

@inproceedings{DBLP:conf/casc/HaqueMM14,
  author    = {Sardar Anisul Haque and
               Farnam Mansouri and
               Marc {Moreno Maza}},
  title     = {On the Parallelization of Subproduct Tree Techniques Targeting Many-Core
               Architectures},
  booktitle = {Computer Algebra in Scientific Computing - 16th International Workshop,
               {CASC} 2014, Warsaw, Poland, September 8-12, 2014. Proceedings},
  pages     = {171--185},
  year      = {2014},
  crossref  = {DBLP:conf/casc/2014},


  timestamp = {Tue, 16 Sep 2014 09:41:13 +0200},
  biburl    = {http://dblp.uni-trier.de/rec/bib/conf/casc/HaqueMM14},
  bibsource = {dblp computer science bibliography, http://dblp.org}
}


@inproceedings{DBLP:conf/casc/MengJ13,
  author    = {L. Meng and
               J. R. Johnson},
  title     = {Automatic Parallel Library Generation for General-Size Modular
               {FFT} Algorithms},
  booktitle = {CASC},
  year      = {2013},
  pages     = {243-256},

  crossref  = {DBLP:conf/casc/2013},
  bibsource = {DBLP, http://dblp.uni-trier.de}
}

@inproceedings{DBLP:conf/casc/MonaganP12,
  author    = {Michael B. Monagan and
               Roman Pearce},
  title     = {Sparse Polynomial Powering Using Heaps},
  booktitle = {Computer Algebra in Scientific Computing - 14th International Workshop,
               {CASC} 2012, Maribor, Slovenia, September 3-6, 2012. Proceedings},
  pages     = {236--247},
  year      = {2012},
  crossref  = {DBLP:conf/casc/2012},


  timestamp = {Tue, 04 Sep 2012 08:30:41 +0200},
  biburl    = {http://dblp.uni-trier.de/rec/bib/conf/casc/MonaganP12},
  bibsource = {dblp computer science bibliography, http://dblp.org}
}


@proceedings{DBLP:conf/cascon/2015,
  editor    = {Jordan Gould and
               Marin Litoiu and
               Hanan Lutfiyya},
  title     = {Proceedings of 25th Annual International Conference on Computer Science
               and Software Engineering, {CASCON} 2015, Markham, Ontario, Canada,
               2-4 November, 2015},
  publisher = {{IBM} / {ACM}},
  year      = {2015},
  note       = {\url{http://dl.acm.org/citation.cfm?id=2886444}},
  timestamp = {Wed, 27 Jan 2016 20:24:12 +0100},
  biburl    = {http://dblp.uni-trier.de/rec/bib/conf/cascon/2015},
  bibsource = {dblp computer science bibliography, http://dblp.org}
}


@proceedings{DBLP:conf/cc/2012,
  editor    = {Michael F. P. O'Boyle},
  title     = {Compiler Construction - 21st International Conference, {CC} 2012,
               Held as Part of the European Joint Conferences on Theory and Practice
               of Software, {ETAPS} 2012, Tallinn, Estonia, March 24 - April 1, 2012.
               Proceedings},
  series    = {Lecture Notes in Computer Science},
  volume    = {7210},
  publisher = {Springer},
  year      = {2012},


  isbn      = {978-3-642-28651-3},
  timestamp = {Fri, 23 Mar 2012 15:31:00 +0100},
  biburl    = {http://dblp.uni-trier.de/rec/bib/conf/cc/2012},
  bibsource = {dblp computer science bibliography, http://dblp.org}
}



@inproceedings{DBLP:conf/cc/UnkuleSQ12,
  author    = {Swapneela Unkule and
               Christopher Shaltz and
               Apan Qasem},
  title     = {Automatic Restructuring of {GPU} Kernels for Exploiting Inter-thread
               Data Locality},
  booktitle = {Compiler Construction - 21st International Conference, Proceedings},
  pages     = {21--40},
  year      = {2012},
  url       = {http://dx.doi.org/10.1007/978-3-642-28652-0_2}
}

@proceedings{DBLP:conf/csr/2011,
  editor    = {A. S. Kulikov and
               N. K. Vereshchagin},
  title     = {Computer Science - Theory and Applications - 6th International
               Computer Science Symposium in Russia, {CSR} 2011, St. Petersburg,
               Russia, June 14-18, 2011. Proceedings},
  booktitle = {CSR},
  publisher = {Springer},
  series    = {Lecture Notes in Computer Science},
  volume    = {6651},
  year      = {2011},
  isbn      = {978-3-642-20711-2},

  bibsource = {DBLP, http://dblp.uni-trier.de}
}



@inproceedings{DBLP:conf/csr/Pospelov11,
  author    = {A. Pospelov},
  title     = {Faster Polynomial Multiplication via Discrete Fourier Transforms},
  booktitle = {CSR},
  year      = {2011},
  pages     = {91-104},

  crossref  = {DBLP:conf/csr/2011},
  bibsource = {DBLP, http://dblp.uni-trier.de}
}




@inproceedings{DBLP:conf/europar/WienkeTBM14,
  author    = {Sandra Wienke and
               Christian Terboven and
               James C. Beyer and
               Matthias S. M{\"{u}}ller},
  title     = {A Pattern-Based Comparison of {OpenACC} and {OpenMP} for Accelerator Computing},
  booktitle = {Euro-Par 2014 Parallel Processing - 20th International Conference,
               Porto, Portugal, August 25-29, 2014. Proceedings},
  pages     = {812--823},
  year      = {2014},
  crossref  = {DBLP:conf/europar/2014},

  note = {\url{http://dx.doi.org/10.1007/978-3-319-09873-9_68}},

  timestamp = {Tue, 12 Aug 2014 12:39:51 +0200},
  biburl    = {http://dblp.uni-trier.de/rec/bib/conf/europar/WienkeTBM14},
  bibsource = {dblp computer science bibliography, http://dblp.org}
}


@inproceedings{DBLP:conf/fccm/DAlbertoMSFHMPJ07,
  author    = {P. D'Alberto and
               P. A. Milder and
               Al. Sandryhaila and
               F. Franchetti and
               J. C. Hoe and
               J. M. F. Moura and
               M. P{\"{u}}schel and
               J.R. Johnson},
  title     = {Generating FPGA-Accelerated {DFT} Libraries},
  booktitle = {{IEEE} Symposium on Field-Programmable Custom Computing Machines,
               {FCCM} 2007, 23-25 April 2007, Napa, California, {USA}},
  pages     = {173--184},
  year      = {2007},
  crossref  = {DBLP:conf/fccm/2007},


  timestamp = {Sun, 21 May 2017 00:20:23 +0200},
  biburl    = {http://dblp.uni-trier.de/rec/bib/conf/fccm/DAlbertoMSFHMPJ07},
  bibsource = {dblp computer science bibliography, http://dblp.org}
}

@proceedings{DBLP:conf/gttse/2007,
  editor    = {Ralf L{\"{a}}mmel and
               Joost Visser and
               Jo{\~{a}}o Saraiva},
  title     = {Generative and Transformational Techniques in Software Engineering
               II, International Summer School, {GTTSE} 2007, Braga, Portugal, July
               2-7, 2007. Revised Papers},
  series    = {Lecture Notes in Computer Science},
  volume    = {5235},
  publisher = {Springer},
  year      = {2008},
  isbn      = {978-3-540-88642-6},
  timestamp = {Thu, 23 Oct 2008 13:28:31 +0200},
  biburl    = {http://dblp.uni-trier.de/rec/bib/conf/gttse/2007},
  bibsource = {dblp computer science bibliography, http://dblp.org}
}



@inproceedings{DBLP:conf/gttse/ChellappaFP07,
  author    = {Srinivas Chellappa and
               F. Franchetti and
               M. P{\"{u}}schel},
  title     = {How to Write Fast Numerical Code: {A} Small Introduction},
  booktitle = {Generative and Transformational Techniques in Software Engineering
               II, International Summer School, {GTTSE} 2007, Braga, Portugal, July
               2-7, 2007. Revised Papers},
  pages     = {196--259},
  year      = {2007},
  crossref  = {DBLP:conf/gttse/2007},


  timestamp = {Thu, 23 Oct 2008 13:30:06 +0200},
  biburl    = {http://dblp.uni-trier.de/rec/bib/conf/gttse/ChellappaFP07},
  bibsource = {dblp computer science bibliography, http://dblp.org}
}

@inproceedings{DBLP:conf/hpcs/MazaX09,
  author    = {M. {Moreno Maza} and
               Y. Xie},
  title     = {{FFT}-Based Dense Polynomial Arithmetic on Multi-cores},
  booktitle = {HPCS},
  year      = {2009},
  pages     = {378-399},

  publisher = {Springer},
  series    = {Lecture Notes in Computer Science},
  volume    = {5976},
  year      = {2010},
  isbn      = {978-3-642-12658-1}
}


@proceedings{DBLP:conf/icms/2014,
  editor    = {H. Hong and
               C. Yap},
  title     = {Mathematical Software - {ICMS} 2014 - 4th International Congress,
               Seoul, South Korea, August 5-9, 2014. Proceedings},
  series    = {Lecture Notes in Computer Science},
  volume    = {8592},
  publisher = {Springer},
  year      = {2014},


  isbn      = {978-3-662-44198-5},
  timestamp = {Fri, 01 Aug 2014 14:04:37 +0200},
  biburl    = {http://dblp.uni-trier.de/rec/bib/conf/icms/2014},
  bibsource = {dblp computer science bibliography, http://dblp.org}
}





@inproceedings{DBLP:conf/icms/ChenCMMXX14,
  author    = {Changbo Chen and
               Svyatoslav Covanov and
               Farnam Mansouri and
               Marc {Moreno Maza} and
               Ning Xie and
               Yuzhen Xie},
  title     = {The Basic Polynomial Algebra Subprograms},
  booktitle = {Mathematical Software - {ICMS} 2014 - 4th International Congress,
               Seoul, South Korea, August 5-9, 2014. Proceedings},
  pages     = {669--676},
  year      = {2014}
}



@inproceedings{DBLP:conf/icms/ChenM14,
  author    = {C. Chen and
               M. {Moreno Maza}},
  title     = {Real Quantifier Elimination in the {RegularChains} Library},
  booktitle = {Mathematical Software - {ICMS} 2014 - 4th International Congress,
               Seoul, South Korea, August 5-9, 2014. Proceedings},
  pages     = {283--290},
  year      = {2014},
  crossref  = {DBLP:conf/icms/2014},


  timestamp = {Fri, 01 Aug 2014 14:10:14 +0200},
  biburl    = {http://dblp.uni-trier.de/rec/bib/conf/icms/ChenM14},
  bibsource = {dblp computer science bibliography, http://dblp.org}
}

@inproceedings{DBLP:conf/icms/HaqueLMMPX14,
  author    = {S. A. Haque and
               X. Li and
               F. Mansouri and
               M. {Moreno Maza} and
               W. Pan and
               N. Xie},
  title     = {Dense Arithmetic over Finite Fields with the {CUMODP} Library},
  booktitle = {Mathematical Software - {ICMS} 2014 - 4th International Congress,
               Seoul, South Korea, August 5-9, 2014. Proceedings},
  pages     = {725--732},
  year      = {2014},
  crossref  = {DBLP:conf/icms/2014},


  timestamp = {Fri, 01 Aug 2014 14:10:14 +0200},
  biburl    = {http://dblp.uni-trier.de/rec/bib/conf/icms/HaqueLMMPX14},
  bibsource = {dblp computer science bibliography, http://dblp.org}
} 



@inproceedings{DBLP:conf/icms/LeisersonLMX10,
  author    = {Charles E. Leiserson and
               Liyun Li and
               Marc {Moreno Maza} and
               Yuzhen Xie},
  title     = {Efficient Evaluation of Large Polynomials},
  booktitle = {ICMS},
  year      = {2010},
  pages     = {342-353},

  crossref  = {DBLP:conf/icms/2010},
  bibsource = {DBLP, http://dblp.uni-trier.de}
} 

@inproceedings{DBLP:conf/ifip/BrentKL83,
  author    = {R. P. Brent and
               H. T. Kung and
               F. T. Luk},
  title     = {{Some Linear-time Algorithms for Systolic Arrays}},
  booktitle = {IFIP Congress},
  year      = {1983},
  pages     = {865--876},
  bibsource = {DBLP, http://dblp.uni-trier.de}
}


@proceedings{DBLP:conf/isca/2009,
  editor    = {Stephen W. Keckler and
               Luiz Andr{\'{e}} Barroso},
  title     = {36th International Symposium on Computer Architecture {(ISCA} 2009),
               June 20-24, 2009, Austin, TX, {USA}},
  publisher = {{ACM}},
  year      = {2009},

  isbn      = {978-1-60558-526-0},
  timestamp = {Thu, 16 Oct 2014 17:35:15 +0200},
  biburl    = {https://dblp.org/rec/bib/conf/isca/2009},
  bibsource = {dblp computer science bibliography, https://dblp.org}
}


@proceedings{DBLP:conf/iscas/2012,
  title     = {2012 {IEEE} International Symposium on Circuits and Systems, {ISCAS}
               2012, Seoul, Korea (South), May 20-23, 2012},
  publisher = {{IEEE}},
  year      = {2012},

  isbn      = {978-1-4673-0218-0},
  timestamp = {Mon, 08 Oct 2012 14:49:04 +0200},
  biburl    = {http://dblp.uni-trier.de/rec/bib/conf/iscas/2012},
  bibsource = {dblp computer science bibliography, http://dblp.org}
}

@proceedings{DBLP:conf/iscas/2013,
  title     = {2013 {IEEE} International Symposium on Circuits and Systems (ISCAS2013),
               Beijing, China, May 19-23, 2013},
  publisher = {{IEEE}},
  year      = {2013},

  isbn      = {978-1-4673-5760-9},
  timestamp = {Mon, 26 Aug 2013 07:33:58 +0200},
  biburl    = {http://dblp.uni-trier.de/rec/bib/conf/iscas/2013},
  bibsource = {dblp computer science bibliography, http://dblp.org}
}


@inproceedings{DBLP:conf/iscas/LeboeufMA12,
  author    = {Karl Leboeuf and
               Roberto Muscedere and
               Majid Ahmadi},
  title     = {High performance prime field multiplication for {GPU}},
  booktitle = {2012 {IEEE} International Symposium on Circuits and Systems, {ISCAS}
               2012, Seoul, Korea (South), May 20-23, 2012},
  pages     = {93--96},
  year      = {2012},
  crossref  = {DBLP:conf/iscas/2012},


  timestamp = {Mon, 08 Oct 2012 14:49:26 +0200},
  biburl    = {http://dblp.uni-trier.de/rec/bib/conf/iscas/LeboeufMA12},
  bibsource = {dblp computer science bibliography, http://dblp.org}
}

@inproceedings{DBLP:conf/iscas/LeboeufMA13,
  author    = {Karl Leboeuf and
               Roberto Muscedere and
               Majid Ahmadi},
  title     = {A {GPU} implementation of the Montgomery multiplication algorithm
               for elliptic curve cryptography},
  booktitle = {2013 {IEEE} International Symposium on Circuits and Systems (ISCAS2013),
               Beijing, China, May 19-23, 2013},
  pages     = {2593--2596},
  year      = {2013},
  crossref  = {DBLP:conf/iscas/2013},


  timestamp = {Mon, 26 Aug 2013 07:37:53 +0200},
  biburl    = {http://dblp.uni-trier.de/rec/bib/conf/iscas/LeboeufMA13},
  bibsource = {dblp computer science bibliography, http://dblp.org}
}

@proceedings{DBLP:conf/issac/2004,
  editor    = {J. Gutierrez},
  title     = {Symbolic and Algebraic Computation, International Symposium
               ISSAC 2004, Santander, Spain, July 4-7, 2004, Proceedings},
  booktitle = {ISSAC},
  publisher = {ACM},
  year      = {2004},
  isbn      = {1-58113-827-X},
  bibsource = {DBLP, http://dblp.uni-trier.de}
}

@proceedings{DBLP:conf/issac/2005,
  editor    = {M. Kauers},
  title     = {Symbolic and Algebraic Computation, International Symposium {ISSAC}
               2005, Beijing, China, July 24-27, 2005, Proceedings},
  publisher = {{ACM}},
  year      = {2005},
  isbn      = {1-59593-095-7},
  timestamp = {Wed, 22 Feb 2006 15:56:19 +0100},
  biburl    = {http://dblp.uni-trier.de/rec/bib/conf/issac/2005},
  bibsource = {dblp computer science bibliography, http://dblp.org}
} 

@proceedings{DBLP:conf/issac/2016,
  editor    = {Sergei A. Abramov and
               Eugene V. Zima and
               Xiao{-}Shan Gao},
  title     = {Proceedings of the {ACM} on International Symposium on Symbolic and
               Algebraic Computation, {ISSAC} 2016, Waterloo, ON, Canada, July 19-22,
               2016},
  publisher = {{ACM}},
  year      = {2016},

  isbn      = {978-1-4503-4380-0},
  timestamp = {Tue, 19 Jul 2016 11:21:49 +0200},
  biburl    = {http://dblp.uni-trier.de/rec/bib/conf/issac/2016},
  bibsource = {dblp computer science bibliography, http://dblp.org}
}


@inproceedings{DBLP:conf/issac/AlvandiKM16,
  author    = {Parisa Alvandi and
               Mahsa Kazemi and
               Marc {Moreno Maza}},
  title     = {Computing Limits of Real Multivariate Rational Functions},
  booktitle = {Proceedings of the {ACM} on International Symposium on Symbolic and
               Algebraic Computation, {ISSAC} 2016, Waterloo, ON, Canada, July 19-22,
               2016},
  pages     = {39--46},
  year      = {2016}
}

@inproceedings{DBLP:conf/issac/BodratoZ07,
  author    = {M. Bodrato and
               A. Zanoni},
  title     = {Integer and polynomial multiplication: towards optimal toom-cook
               matrices},
  booktitle = {ISSAC},
  year      = {2007},
  pages     = {17-24}
}

@inproceedings{DBLP:conf/issac/ChenCMM17,
  author    = {Liangyu Chen and
               Svyatoslav Covanov and
               Davood Mohajerani and
               Marc {Moreno Maza}},
  title     = {Big Prime Field {FFT} on the {GPU}},
  booktitle = {Proceedings of the 2017 {ACM} on International Symposium on Symbolic
               and Algebraic Computation, {ISSAC} 2017, Kaiserslautern, Germany,
               July 25-28, 2017},
  pages     = {85--92},
  year      = {2017},


  timestamp = {Fri, 21 Jul 2017 13:54:58 +0200},
  biburl    = {http://dblp.org/rec/bib/conf/issac/ChenCMM17},
  bibsource = {dblp computer science bibliography, http://dblp.org}
}



@inproceedings{DBLP:conf/issac/DahanMSWX05,
  author    = {X. Dahan and
               M. {Moreno Maza} and
               {\'{E}}. Schost and
               W. Wu and
               Y. Xie},
  title     = {Lifting techniques for triangular decompositions},
  booktitle = {{ISSAC} 2005, Proceedings},
  pages     = {108--115},
  year      = {2005},


  timestamp = {Wed, 22 Feb 2006 15:56:19 +0100},
  biburl    = {http://dblp.uni-trier.de/rec/bib/conf/issac/DahanMSWX05},
  bibsource = {dblp computer science bibliography, http://dblp.org},
  crossref  = {DBLP:conf/issac/2005}
}

@inproceedings{DBLP:conf/issac/FilateiLMS06,
  author    = {Akpodigha Filatei and
               Xin Li and
               Marc {Moreno Maza} and
               {\'E}ric Schost},
  title     = {Implementation techniques for fast polynomial arithmetic
               in a high-level programming environment},
  booktitle = {ISSAC},
  year      = {2006},
  pages     = {93-100},

  publisher = {ACM}
}


@inproceedings{DBLP:conf/issac/GathenG97,
  author    = {J. von zur Gathen and
               J. Gerhard},
  title     = {Fast Algorithms for Taylor Shifts and Certain Difference
               Equations},
  booktitle = {ISSAC},
  year      = {1997},
  pages     = {40-47}
}

@inproceedings{DBLP:conf/issac/GaudryKZ07,
  author    = {P. Gaudry and
               A. Kruppa and
               P. Zimmermann},
  title     = {A {GMP}-based implementation of sch{\"o}nhage-strassen's
               large integer multiplication algorithm},
  booktitle = {ISSAC},
  year      = {2007},
  pages     = {167-174}
}

@inproceedings{DBLP:conf/issac/Hoeven04,
  author    = {Joachim van der Hoeven},
  title     = {The truncated fourier transform and applications},
  booktitle = {ISSAC},
  year      = {2004},
  pages     = {290-296},

  crossref  = {DBLP:conf/issac/2004},
  bibsource = {DBLP, http://dblp.uni-trier.de}
}

@inproceedings{DBLP:conf/issac/Monagan05,
  author    = {Michael B. Monagan},
  title     = {Probabilistic algorithms for computing resultants},
  booktitle = {ISSAC},
  year      = {2005},
  pages     = {245-252},
 publisher = {ACM}
}


@inproceedings{DBLP:conf/issac/MonaganP09,
  author    = {Michael B. Monagan and
               Roman Pearce},
  title     = {Parallel sparse polynomial multiplication using heaps},
  booktitle = {ISSAC},
  year      = {2009},
  pages     = {263-270},

  publisher = {ACM}
}

@proceedings{DBLP:conf/iwomp/2014,
  editor    = {Luiz DeRose and
               Bronis R. de Supinski and
               Stephen L. Olivier and
               Barbara M. Chapman and
               Matthias S. M{\"{u}}ller},
  title     = {Using and Improving {OpenMP} for Devices, Tasks, and More - 10th International
               Workshop on OpenMP, {IWOMP} 2014, Salvador, Brazil, September 28-30,
               2014. Proceedings},
  series    = {Lecture Notes in Computer Science},
  volume    = {8766},
  publisher = {Springer},
  year      = {2014},


  isbn      = {978-3-319-11453-8},
  timestamp = {Wed, 24 Sep 2014 13:51:27 +0200},
  biburl    = {http://dblp.uni-trier.de/rec/bib/conf/iwomp/2014},
  bibsource = {dblp computer science bibliography, http://dblp.org}
} 

%%

@inproceedings{DBLP:conf/iwomp/ChenMSU14,
  author    = {Xiaohui Chen and
               Marc {Moreno Maza} and
               Sushek Shekar and
               Priya Unnikrishnan},
  title     = {{MetaFork}: A Framework for Concurrency Platforms Targeting Multicores},
  booktitle = {Processing of {IWOMP} 2014},
  pages     = {30--44},
  year      = {2014}
}


@inproceedings{DBLP:conf/iwomp/LiaoYSQC13,
  author    = {Chunhua Liao and
               Yonghong Yan and
               Bronis R. de Supinski and
               Daniel J. Quinlan and
               Barbara M. Chapman},
  title     = {Early Experiences with the {OpenMP} Accelerator Model},
  booktitle = {IWOMP},
 publisher = {Springer},
  series    = {Lecture Notes in Computer Science},
  volume    = {8122},
  year      = {2013},
  year      = {2013},
  pages     = {84-98}
}

@proceedings{DBLP:conf/lcpc/2013,
  editor    = {Calin Cascaval and
               Pablo Montesinos},
  title     = {Languages and Compilers for Parallel Computing - 26th International
               Workshop, {LCPC} 2013, San Jose, CA, USA, September 25-27, 2013. Revised
               Selected Papers},
  series    = {Lecture Notes in Computer Science},
  volume    = {8664},
  publisher = {Springer},
  year      = {2014},


  isbn      = {978-3-319-09966-8},
  timestamp = {Thu, 02 Oct 2014 09:18:16 +0200},
  biburl    = {http://dblp.uni-trier.de/rec/bib/conf/lcpc/2013},
  bibsource = {dblp computer science bibliography, http://dblp.org}
}


@inproceedings{DBLP:conf/lcpc/TianX0YCC13,
  author    = {Xiaonan Tian and
               Rengan Xu and
               Yonghong Yan and
               Zhifeng Yun and
               Sunita Chandrasekaran and
               Barbara M. Chapman},
  title     = {Compiling a High-Level Directive-Based Programming Model for {GPGPU}s},
  booktitle = {Languages and Compilers for Parallel Computing - 26th Int.
               Work.},
  year      = {2013},
  publisher = {Springer},

  timestamp = {Thu, 02 Oct 2014 09:23:28 +0200},
  biburl    = {http://dblp.uni-trier.de/rec/bib/conf/lcpc/TianX0YCC13},
  bibsource = {dblp computer science bibliography, http://dblp.org}
} @article{DBLP:journals/jsc/ChenM16,
  author    = {Changbo Chen and
               Marc {Moreno Maza}},
  title     = {Quantifier elimination by cylindrical algebraic decomposition based
               on regular chains},
  journal   = {J. Symb. Comput.},
  volume    = {75},
  pages     = {74--93},
  year      = {2016}
}


@proceedings{DBLP:conf/parco/2009,
  editor    = {Barbara M. Chapman and
               Fr{\'{e}}d{\'{e}}ric Desprez and
               Gerhard R. Joubert and
               Alain Lichnewsky and
               Frans J. Peters and
               Thierry Priol},
  title     = {Parallel Computing: From Multicores and GPU's to Petascale, Proceedings
               of the conference ParCo 2009, 1-4 September 2009, Lyon, France},
  series    = {Advances in Parallel Computing},
  volume    = {19},
  publisher = {{IOS} Press},
  year      = {2010},
  isbn      = {978-1-60750-529-7},
  timestamp = {Sun, 26 May 2013 15:41:15 +0200},
  biburl    = {http://dblp.uni-trier.de/rec/bib/conf/parco/2009},
  bibsource = {dblp computer science bibliography, http://dblp.org}
}




@proceedings{DBLP:conf/parco/2015,
  editor    = {Gerhard R. Joubert and
               Hugh Leather and
               Mark Parsons and
               Frans J. Peters and
               Mark Sawyer},
  title     = {Parallel Computing: On the Road to Exascale, Proceedings of the International
               Conference on Parallel Computing, ParCo 2015, 1-4 September 2015,
               Edinburgh, Scotland, {UK}},
  series    = {Advances in Parallel Computing},
  volume    = {27},
  publisher = {{IOS} Press},
  year      = {2016},
  isbn      = {978-1-61499-620-0},
  timestamp = {Fri, 13 May 2016 14:47:17 +0200},
  biburl    = {http://dblp.uni-trier.de/rec/bib/conf/parco/2015},
  bibsource = {dblp computer science bibliography, http://dblp.org}
}

@inproceedings{DBLP:conf/parco/GiorgiIT09,
  author    = {Pascal Giorgi and
               Thomas Izard and
               Arnaud Tisserand},
  title     = {Comparison of Modular Arithmetic Algorithms on GPUs},
  booktitle = {Parallel Computing: From Multicores and GPU's to Petascale, Proceedings
               of the conference ParCo 2009, 1-4 September 2009, Lyon, France},
  pages     = {315--322},
  year      = {2009},
  crossref  = {DBLP:conf/parco/2009},


  timestamp = {Sun, 26 May 2013 16:31:46 +0200},
  biburl    = {http://dblp.uni-trier.de/rec/bib/conf/parco/GiorgiIT09},
  bibsource = {dblp computer science bibliography, http://dblp.org}
}


@inproceedings{DBLP:conf/pldi/FrigoLR98,
  author    = {M. Frigo and
               C. E. Leiserson and
               K. H. Randall},
  title     = {The Implementation of the {C}ilk-5 Multithreaded Language},
  booktitle = {Proc. of PLDI},
  year      = {1998},
  pages     = {212-223}
}



@proceedings{DBLP:conf/ppopp/2012,
  editor    = {J. Ramanujam and
               P. Sadayappan},
  title     = {Proceedings of the 17th {ACM} {SIGPLAN} Symposium on Principles and
               Practice of Parallel Programming, {PPOPP} 2012, New Orleans, LA, USA,
               February 25-29, 2012},
  publisher = {{ACM}},
  year      = {2012},

  isbn      = {978-1-4503-1160-1},
  timestamp = {Tue, 22 May 2012 15:24:56 +0200},
  biburl    = {https://dblp.org/rec/bib/conf/ppopp/2012},
  bibsource = {dblp computer science bibliography, https://dblp.org}
}

@proceedings{DBLP:conf/spaa/2009,
  editor    = {Friedhelm {Meyer auf der Heide} and
               Michael A. Bender},
  title     = {SPAA 2009: Proceedings of the 21st Annual ACM Symposium
               on Parallelism in Algorithms and Architectures, Calgary,
               Alberta, Canada, August 11-13, 2009},
  booktitle = {SPAA},
  publisher = {ACM},
  year      = {2009},
  isbn      = {978-1-60558-606-9},
  bibsource = {DBLP, http://dblp.uni-trier.de}
}

@inproceedings{DBLP:conf/spaa/HeLL10,
  author    = {Yuxiong He and
               Charles E. Leiserson and
               William M. Leiserson},
  title     = {The {C}ilkview scalability analyzer},
  booktitle = {Proc. of SPAA},
  year      = {2010},
  pages     = {145-156}
} 



@inproceedings{DBLP:conf/spaa/SpoonhowerBGH09,
  author    = {Daniel Spoonhower and
               Guy E. Blelloch and
               Phillip B. Gibbons and
               Robert Harper},
  title     = {Beyond nested parallelism: tight bounds on work-stealing
               overheads for parallel futures},
  booktitle = {SPAA},
  year      = {2009},
  pages     = {91-100},

  crossref  = {DBLP:conf/spaa/2009},
  bibsource = {DBLP, http://dblp.uni-trier.de}
} 

@inproceedings{DBLP:conf/spaa/TangCKLL11,
  author    = {Yuan Tang and
               Rezaul Alam Chowdhury and
               Bradley C. Kuszmaul and
               Chi-Keung Luk and
               Charles E. Leiserson},
  title     = {The pochoir stencil compiler},
  booktitle = {SPAA},
  year      = {2011},
  pages     = {117-128},

  bibsource = {DBLP, http://dblp.uni-trier.de}
}

@proceedings{DBLP:conf/stoc/2007,
  editor    = {D. S. Johnson and
               U. Feige},
  title     = {Proceedings of the 39th Annual {ACM} Symposium on Theory of Computing,
               San Diego, California, USA, June 11-13, 2007},
  publisher = {{ACM}},
  year      = {2007},
  isbn      = {978-1-59593-631-8},
  timestamp = {Wed, 13 Jun 2007 12:33:13 +0200},
  biburl    = {http://dblp.uni-trier.de/rec/bib/conf/stoc/2007},
  bibsource = {dblp computer science bibliography, http://dblp.org}
}

@proceedings{DBLP:conf/stoc/2008,
  editor    = {Cynthia Dwork},
  title     = {Proceedings of the 40th Annual ACM Symposium on Theory of
               Computing, Victoria, British Columbia, Canada, May 17-20,
               2008},
  booktitle = {STOC},
  publisher = {ACM},
  year      = {2008},
  isbn      = {978-1-60558-047-0},
  bibsource = {DBLP, http://dblp.uni-trier.de}
} 

@inproceedings{DBLP:conf/stoc/DeKSS08,
  author    = {Anindya De and
               Piyush P. Kurur and
               Chandan Saha and
               Ramprasad Saptharishi},
  title     = {Fast integer multiplication using modular arithmetic},
  booktitle = {STOC},
  year      = {2008},
  pages     = {499-506},

  crossref  = {DBLP:conf/stoc/2008},
  bibsource = {DBLP, http://dblp.uni-trier.de}
}

@inproceedings{DBLP:conf/stoc/Furer07,
  author    = {M. F{\"{u}}rer},
  title     = {Faster integer multiplication},
  booktitle = {Proceedings of the 39th Annual {ACM} Symposium on Theory of Computing,
               San Diego, California, USA, June 11-13, 2007},
  pages     = {57--66},
  year      = {2007},
  crossref  = {DBLP:conf/stoc/2007},


  timestamp = {Wed, 13 Jun 2007 12:33:13 +0200},
  biburl    = {http://dblp.uni-trier.de/rec/bib/conf/stoc/Furer07},
  bibsource = {dblp computer science bibliography, http://dblp.org}
}

@inproceedings{DBLP:conf/stoc/HongK81,
  author    = {Jia-Wei Hong and
               H. T. Kung},
  title     = {I/O Complexity: The Red-Blue Pebble Game},
  booktitle = {STOC},
  year      = {1981},
  pages     = {326-333},

  publisher = {ACM}
}


@proceedings{DBLP:conf/synasc/2009,
  editor    = {Stephen M. Watt and
               Viorel Negru and
               Tetsuo Ida and
               Tudor Jebelean and
               Dana Petcu and
               Daniela Zaharie},
  title     = {11th International Symposium on Symbolic and Numeric Algorithms
               for Scientific Computing, SYNASC 2009, Timisoara, Romania,
               September 26-29, 2009},
  booktitle = {SYNASC},
  publisher = {IEEE Computer Society},
  year      = {2009},
  isbn      = {978-1-4244-5910-0},

  bibsource = {DBLP, http://dblp.uni-trier.de}
}
@proceedings{DBLP:conf/synasc/2016,
  editor    = {James H. Davenport and
               Viorel Negru and
               Tetsuo Ida and
               Tudor Jebelean and
               Dana Petcu and
               Stephen M. Watt and
               Daniela Zaharie},
  title     = {18th International Symposium on Symbolic and Numeric Algorithms for
               Scientific Computing, {SYNASC} 2016, Timisoara, Romania, September
               24-27, 2016},
  publisher = {{IEEE} Computer Society},
  year      = {2016},

  isbn      = {978-1-5090-5707-8},
  timestamp = {Tue, 31 Jan 2017 13:42:49 +0100},
  biburl    = {http://dblp.uni-trier.de/rec/bib/conf/synasc/2016},
  bibsource = {dblp computer science bibliography, http://dblp.org}
}

@inproceedings{DBLP:conf/synasc/Zanoni09,
  author    = {Alberto Zanoni},
  title     = {Toom-Cook 8-way for Long Integers Multiplication},
  booktitle = {SYNASC},
  year      = {2009},
  pages     = {54-57},

  crossref  = {DBLP:conf/synasc/2009},
  bibsource = {DBLP, http://dblp.uni-trier.de}
}
@proceedings{DBLP:conf/waifi/2010,
  editor    = {M. Anwar Hasan and
               Tor Helleseth},
  title     = {Arithmetic of Finite Fields, Third International Workshop, {WAIFI}
               2010, Istanbul, Turkey, June 27-30, 2010. Proceedings},
  series    = {Lecture Notes in Computer Science},
  volume    = {6087},
  publisher = {Springer},
  year      = {2010},


  isbn      = {978-3-642-13796-9},
  timestamp = {Wed, 07 Jul 2010 11:05:59 +0200},
  biburl    = {http://dblp.uni-trier.de/rec/bib/conf/waifi/2010},
  bibsource = {dblp computer science bibliography, http://dblp.org}
}

@inproceedings{DBLP:conf/waifi/Bos10,
  author    = {Joppe W. Bos},
  title     = {High-Performance Modular Multiplication on the Cell Processor},
  booktitle = {Arithmetic of Finite Fields, Third International Workshop, {WAIFI}
               2010, Istanbul, Turkey, June 27-30, 2010. Proceedings},
  pages     = {7--24},
  year      = {2010},
  crossref  = {DBLP:conf/waifi/2010},


  timestamp = {Wed, 07 Jul 2010 11:09:42 +0200},
  biburl    = {http://dblp.uni-trier.de/rec/bib/conf/waifi/Bos10},
  bibsource = {dblp computer science bibliography, http://dblp.org}
}

@article{DBLP:journals/amc/AbdeljaouedDG09,
  author    = {Jounaidi Abdeljaoued and
               Gema M. Diaz-Toca and
               Laureano Gonz{\'a}lez-Vega},
  title     = {Bezout matrices, Subresultant polynomials and parameters},
  journal   = {Applied Mathematics and Computation},
  volume    = {214},
  number    = {2},
  year      = {2009},
  pages     = {588-594},

  bibsource = {DBLP, http://dblp.uni-trier.de}
}


@article{DBLP:journals/cj/Hong93,
  author    = {H. Hong},
  title     = {Special Issue Editorial: Computational Quantifier Elimination},
  journal   = {Comput. J.},
  volume    = {36},
  number    = {5},
  year      = {1993},
  pages     = {399},

  bibsource = {DBLP, http://dblp.uni-trier.de}
}

@article{DBLP:journals/computing/SchonhageS71,
  author    = {A. Sch{\"{o}}nhage and
               V. Strassen},
  title     = {Schnelle Multiplikation gro{\ss}er Zahlen},
  journal   = {Computing},
  volume    = {7},
  number    = {3-4},
  pages     = {281--292},
  year      = {1971},


  timestamp = {Thu, 28 Nov 2013 16:39:49 +0100},
  biburl    = {http://dblp.uni-trier.de/rec/bib/journals/computing/SchonhageS71},
  bibsource = {dblp computer science bibliography, http://dblp.org}
}

@article{DBLP:journals/concurrency/Fur96,
  author    = {M. {Le Fur}},
  title     = {Scanning parameterized polyhedron using Fourier-Motzkin
               elimination},
  journal   = {Concurrency - Practice and Experience},
  volume    = {8},
  number    = {6},
  year      = {1996},
  pages     = {445-460},

  bibsource = {DBLP, http://dblp.uni-trier.de}
}


@article{DBLP:journals/corr/CovanovT15,
  author    = {S. Covanov and
               E. Thom{\'{e}}},
  title     = {Fast arithmetic for faster integer multiplication},
  journal   = {CoRR},
  volume    = {abs/1502.02800},
  year      = {2015},

  timestamp = {Mon, 02 Mar 2015 14:17:34 +0100},
  biburl    = {http://dblp.uni-trier.de/rec/bib/journals/corr/CovanovT15},
  bibsource = {dblp computer science bibliography, http://dblp.org}
} 


@article{DBLP:journals/corr/HaqueMX14,
  author    = {Sardar Anisul Haque and
               Marc {Moreno Maza} and
               Ning Xie},
  title     = {A Many-core Machine Model for Designing Algorithms with Minimum Parallelism
               Overheads},
  journal   = {CoRR},
  volume    = {abs/1402.0264},
  year      = {2014},

  timestamp = {Wed, 05 Mar 2014 14:43:44 +0100},
  biburl    = {http://dblp.uni-trier.de/rec/bib/journals/corr/HaqueMX14},
  bibsource = {dblp computer science bibliography, http://dblp.org}
}




@article{DBLP:journals/ijbc/ChenCMYZ13,
  author    = {C. Chen and
               R. M. Corless and
               M. {Moreno Maza} and
               P. Yu and
               Y. Zhang},
  title     = {An Application of Regular Chain Theory to the Study of Limit cycles},
  journal   = {I. J. Bifurcation and Chaos},
  volume    = {23},
  number    = {9},
  year      = {2013},


  timestamp = {Sun, 20 Oct 2013 17:09:21 +0200},
  biburl    = {http://dblp.uni-trier.de/rec/bib/journals/ijbc/ChenCMYZ13},
  bibsource = {dblp computer science bibliography, http://dblp.org}
}





@article{DBLP:journals/ijfcs/MazaX11,
  author    = {Marc {Moreno Maza} and
               Yuzhen Xie},
  title     = {Balanced Dense Polynomial Multiplication on Multi-Cores},
  journal   = {Int. J. Found. Comput. Sci.},
  volume    = {22},
  number    = {5},
  year      = {2011},
  pages     = {1035-1055},
  note        = {\url{{http://dx.doi.org/10.1142/S0129054111008556}}},
  bibsource = {DBLP, http://dblp.uni-trier.de}
} 

@article{DBLP:journals/ita/Ducos96,
  author    = {Lionel Ducos},
  title     = {Algorithme de Bareiss, algorithme des sous-r{\'e}sultants},
  journal   = {ITA},
  volume    = {30},
  number    = {4},
  year      = {1996},
  pages     = {319-347},
  bibsource = {DBLP, http://dblp.uni-trier.de}
} 

@article{DBLP:journals/jacm/BlumofeL99,
  author    = {Robert D. Blumofe and
               Charles E. Leiserson},
  title     = {Scheduling Multithreaded Computations by Work Stealing},
  journal   = {J. ACM},
  volume    = {46},
  number    = {5},
  year      = {1999},
  pages     = {720-748}
}



@article{DBLP:journals/jal/Bernstein05,
  author    = {D. J. Bernstein},
  title     = {{Factoring into Coprimes in Essentially Linear Time}},
  journal   = {J. Algorithms},
  volume    = {54},
  number    = {1},
  year      = {2005},
  pages     = {1--30},

  bibsource = {DBLP, http://dblp.uni-trier.de}
}

@article{DBLP:journals/jcss/BlellochL94,
  author    = {Guy E. Blelloch and
               James J. Little},
  title     = {Parallel Solutions to Geometric Problems in the Scan Model
               of Computation},
  journal   = {J. Comput. Syst. Sci.},
  volume    = {48},
  number    = {1},
  year      = {1994},
  pages     = {90-115},

  bibsource = {DBLP, http://dblp.uni-trier.de}
} 

@article{DBLP:journals/jsc/ChenDMMXX13,
  author    = {Changbo Chen and
               James H. Davenport and
               John P. May and
               Marc {Moreno Maza} and
               Bican Xia and
               Rong Xiao},
  title     = {Triangular decomposition of semi-algebraic systems},
  journal   = {J. Symb. Comput.},
  volume    = {49},
  pages     = {3--26},
  year      = {2013}
} 



@article{DBLP:journals/jsc/ChenM12,
  author    = {Changbo Chen and
               Marc {Moreno Maza}},
  title     = {Algorithms for computing triangular decomposition of polynomial systems},
  journal   = {J. Symb. Comput.},
  volume    = {47},
  number    = {6},
  pages     = {610--642},
  year      = {2012},
  note       = {\url{http://dx.doi.org/10.1016/j.jsc.2011.12.023}},

  timestamp = {Thu, 26 Apr 2012 14:41:28 +0200},
  bibur  = {http://dblp.uni-trier.de/rec/bib/journals/jsc/ChenM12},
  bibsource = {dblp computer science bibliography, http://dblp.org}
}

@article{DBLP:journals/jsc/ChenM16,
  author    = {Changbo Chen and
               Marc {Moreno Maza}},
  title     = {Quantifier elimination by cylindrical algebraic decomposition based
               on regular chains},
  journal   = {J. Symb. Comput.},
  volume    = {75},
  pages     = {74--93},
  year      = {2016},
  note       = {\url{http://dx.doi.org/10.1016/j.jsc.2015.11.008}},

  timestamp = {Wed, 02 Mar 2016 18:35:11 +0100},
  bibsource = {dblp computer science bibliography, http://dblp.org}
} 

@article{DBLP:journals/jsc/GrosslingerGL06,
  author    = {A. Gr{\"o}{\ss}linger and
               M. Griebl and
               C. Lengauer},
  title     = {Quantifier elimination in automatic loop parallelization},
  journal   = {J. Symb. Comput.},
  volume    = {41},
  number    = {11},
  year      = {2006},
  pages     = {1206-1221},

  bibsource = {DBLP, http://dblp.uni-trier.de}
} 

@article{DBLP:journals/jsc/LiMRS11,
  author    = {X. Li and
               M. {Moreno Maza} and
               R. Rasheed and
               {\'{E}}. Schost},
  title     = {The modpn library: Bringing fast polynomial arithmetic into Maple},
  journal   = {J. Symb. Comput.},
  volume    = {46},
  number    = {7},
  pages     = {841--858},
  year      = {2011},


  timestamp = {Fri, 16 Jan 2015 09:39:12 +0100},
  biburl    = {http://dblp.uni-trier.de/rec/bib/journals/jsc/LiMRS11},
  bibsource = {dblp computer science bibliography, http://dblp.org}
}




@article{DBLP:journals/moc/BernsteinLP07,
  author    = {D. J. Bernstein and
               H. W. Lenstra Jr. and
               J. Pila},
  title     = {{Detecting Perfect Powers by Factoring into Coprimes}},
  journal   = {Math. Comput.},
  volume    = {76},
  number    = {257},
  year      = {2007},
  pages     = {385--388},

  bibsource = {DBLP, http://dblp.uni-trier.de}
}

@article{DBLP:journals/mst/BlellochR99,
  author    = {Guy E. Blelloch and
               Margaret Reid-Miller},
  title     = {Pipelining with Futures},
  journal   = {Theory Comput. Syst.},
  volume    = {32},
  number    = {3},
  year      = {1999},
  pages     = {213-239},

  bibsource = {DBLP, http://dblp.uni-trier.de}
}

@article{DBLP:journals/pc/Xue96,
  author    = {Jingling Xue},
  title     = {Transformations of Nested Loops with Non-Convex Iteration
               Spaces},
  journal   = {Parallel Computing},
  volume    = {22},
  number    = {3},
  year      = {1996},
  pages     = {339-368},

  bibsource = {DBLP, http://dblp.uni-trier.de}
}

@article{DBLP:journals/ppl/EmmartW11,
  author    = {Niall Emmart and
               Charles C. Weems},
  title     = {High Precision Integer Multiplication with a {GPU} Using Strassen's
               Algorithm with Multiple {FFT} Sizes},
  journal   = {Parallel Processing Letters},
  volume    = {21},
  number    = {3},
  pages     = {359--375},
  year      = {2011},


  timestamp = {Wed, 17 May 2017 10:55:38 +0200},
  biburl    = {http://dblp.org/rec/bib/journals/ppl/EmmartW11},
  bibsource = {dblp computer science bibliography, http://dblp.org}
}

@article{DBLP:journals/queue/NickollsBGS08,
  author    = {J. Nickolls and
               I. Buck and
               M. Garland and
               K. Skadron},
  title     = {Scalable Parallel Programming with {CUDA}},
  journal   = {{ACM} Queue},
  volume    = {6},
  number    = {2},
  pages     = {40--53},
  year      = {2008},


  timestamp = {Fri, 03 Jul 2009 09:51:18 +0200},
  biburl    = {http://dblp.uni-trier.de/rec/bib/journals/queue/NickollsBGS08},
  bibsource = {dblp computer science bibliography, http://dblp.org}
}

@article{DBLP:journals/siamcomp/BlumofeL98,
  author    = {Robert D. Blumofe and
               Charles E. Leiserson},
  title     = {Space-Efficient Scheduling of Multithreaded Computations},
  journal   = {SIAM J. Comput.},
  volume    = {27},
  number    = {1},
  year      = {1998},
  pages     = {202-229}
}



@article{DBLP:journals/siamcomp/DeKSS13,
  author    = {A. De and
               P. P. Kurur and
               C. Saha and
               R. Saptharishi},
  title     = {Fast Integer Multiplication Using Modular Arithmetic},
  journal   = {SIAM J. Comput.},
  volume    = {42},
  number    = {2},
  year      = {2013},
  pages     = {685-699},

  bibsource = {DBLP, http://dblp.uni-trier.de}
}
@article{DBLP:journals/siamcomp/Furer09,
  author    = {M. F{\"{u}}rer},
  title     = {Faster Integer Multiplication},
  journal   = {{SIAM} J. Comput.},
  volume    = {39},
  number    = {3},
  pages     = {979--1005},
  year      = {2009},


  timestamp = {Wed, 03 Feb 2010 09:05:39 +0100},
  biburl    = {http://dblp.uni-trier.de/rec/bib/journals/siamcomp/Furer09},
  bibsource = {dblp computer science bibliography, http://dblp.org}
}

@article{DBLP:journals/siamcomp/StockmeyerV84,
  author    = {L. J. Stockmeyer and
               U. Vishkin},
  title     = {Simulation of Parallel Random Access Machines by Circuits},
  journal   = {SIAM J. Comput.},
  volume    = {13},
  number    = {2},
  year      = {1984},
  pages     = {409-422}
}



@article{DBLP:journals/taco/VerdoolaegeJCGTC13,
  author    = {S. Verdoolaege and
               J. {Carlos Juega} and
               A. Cohen and
               J. {Ignacio G{\'{o}}mez} and
               C. Tenllado and
               F. Catthoor},
  title     = {Polyhedral parallel code generation for {CUDA}},
  journal   = {{TACO}},
  volume    = {9},
  number    = {4},
  pages     = {54},
  year      = {2013},

  timestamp = {Wed, 13 Feb 2013 09:01:55 +0100},
  biburl    = {http://dblp.uni-trier.de/rec/bib/journals/taco/VerdoolaegeJCGTC13},
  bibsource = {dblp computer science bibliography, http://dblp.org}
}

@article{DBLP:journals/talg/FrigoLPR12,
  author    = {Matteo Frigo and
               Charles E. Leiserson and
               Harald Prokop and
               Sridhar Ramachandran},
  title     = {Cache-Oblivious Algorithms},
  journal   = {ACM Transactions on Algorithms},
  volume    = {8},
  number    = {1},
  year      = {2012},
  pages     = {4},

  bibsource = {DBLP, http://dblp.uni-trier.de}
} 

@article{DBLP:journals/tc/BrentK84,
  author    = {Richard P. Brent and
               H. T. Kung},
  title     = {Systolic VLSI Arrays for Polynomial GCD Computation},
  journal   = {IEEE Trans. Computers},
  volume    = {33},
  number    = {8},
  year      = {1984},
  pages     = {731-736},

  bibsource = {DBLP, http://dblp.uni-trier.de}
}

@article{DBLP:journals/tjs/Leiserson10,
  author    = {Charles E. Leiserson},
  title     = {The Cilk++ concurrency platform},
  journal   = {The Journal of Supercomputing},
  volume    = {51},
  number    = {3},
  year      = {2010},
  pages     = {244-257},

  bibsource = {DBLP, http://dblp.uni-trier.de}
}



@article{DBLP:journals/tpds/AyguadeCDHLMTUZ09,
  author    = {E. Ayguad{\'e} and
               N. Copty and
               A. Duran and
               J. Hoeflinger and
               Y. Lin and
               F. Massaioli and
               X. Teruel and
               P. Unnikrishnan and
               G. Zhang},
  title     = {The Design of {OpenMP Tasks}},
  journal   = {IEEE Trans. Parallel Distrib. Syst.},
  volume    = {20},
  number    = {3},
  year      = {2009},
  pages     = {404-418},

  bibsource = {DBLP, http://dblp.uni-trier.de}
}

@article{DBLP:journals/tpds/GoumasAK03,
  author    = {G. I. Goumas and
               M. Athanasaki and
               N. Koziris},
  title     = {An Efficient Code Generation Technique for Tiled Iteration
               Spaces},
  journal   = {IEEE Trans. Parallel Distrib. Syst.},
  volume    = {14},
  number    = {10},
  year      = {2003},
  pages     = {1021-1034},

  bibsource = {DBLP, http://dblp.uni-trier.de}
}


@article{DBLP:journals/tvlsi/LeongL02,
  author    = {Philip Heng Wai Leong and
               Ivan K. H. Leung},
  title     = {A microcoded elliptic curve processor using {FPGA} technology},
  journal   = {{IEEE} Trans. {VLSI} Syst.},
  volume    = {10},
  number    = {5},
  pages     = {550--559},
  year      = {2002},


  timestamp = {Thu, 18 May 2017 09:50:45 +0200},
  biburl    = {http://dblp.org/rec/bib/journals/tvlsi/LeongL02},
  bibsource = {dblp computer science bibliography, http://dblp.org}
}

@incollection{DBLP:reference/opt/Khachiyan09,
  author    = {Leonid Khachiyan},
  title     = {Fourier-Motzkin Elimination Method},
  booktitle = {Encyclopedia of Optimization, Second Edition},
  pages     = {1074--1077},
  year      = {2009},
  crossref  = {DBLP:reference/opt/2009},


  timestamp = {Fri, 25 Nov 2011 18:23:13 +0100},
  biburl    = {http://dblp.uni-trier.de/rec/bib/reference/opt/Khachiyan09},
  bibsource = {dblp computer science bibliography, http://dblp.org}
}

@book{DBLP:reference/parallel/2011,
  editor    = {D. A. Padua},
  title     = {Encyclopedia of Parallel Computing},
  publisher = {Springer},
  year      = {2011},


  isbn      = {978-0-387-09765-7},
  timestamp = {Wed, 11 Jan 2012 14:45:34 +0100},
  biburl    = {http://dblp.uni-trier.de/rec/bib/reference/parallel/2011},
  bibsource = {dblp computer science bibliography, http://dblp.org}
} 

@incollection{DBLP:reference/parallel/FranchettiP11,
  author    = {F. Franchetti and
               M. P{\"{u}}schel},
  title     = {{FFT} (Fast Fourier Transform)},
  booktitle = {Encyclopedia of Parallel Computing},
  pages     = {658--671},
  year      = {2011},
  crossref  = {DBLP:reference/parallel/2011},


  timestamp = {Wed, 11 Jan 2012 14:45:34 +0100},
  biburl    = {http://dblp.uni-trier.de/rec/bib/reference/parallel/FranchettiP11},
  bibsource = {dblp computer science bibliography, http://dblp.org}
} 


@article{Dahan:2005:CDP:1113439.1113457,
 author = {Dahan, X. and {Moreno Maza}, M. and Schost, {\'E}. and Wu, W. and Xie, Y.},
 title = {On the Complexity of the D5 Principle},
 journal = {SIGSAM Bull.},
 volume = {39},
 issue = {3},
 month = {September},
 year = {2005},
 issn = {0163-5824},
 pages = {97--98},
 numpages = {2},


 acmid = {1113457},
 publisher = {ACM},
 address = {New York, NY, USA},
}

﻿@article{springerlink:10.1007/BF02166685,
   author = {Dennis, J.},
   title = {{On Newton-like Methods}},
   journal = {Numerische Mathematik},
   publisher = {Springer Berlin / Heidelberg},
   issn = {0029-599X},
   keyword = {Mathematics and Statistics},
   pages = {324 -- 330},
   volume = {11},
   issue = {4},

   note = {10.1007/BF02166685},
   year = {1968},
}

@article{Denis1967,
title = {{On Newton'{\unskip}s Method and Nonlinear Simultaneous Replacements}},
author = {Dennis, J.},
journal = {SIAM J. Numer. Anal.},
volume = {4},
pages = {103 -- 108},
year = {1967},
}

@inproceedings{Dimakopoulos:2011:HHP:2033408.2033412,
 author = {Dimakopoulos, Vassilios V. and Hadjidoukas, Panagiotis E.},
 title = {{HOMPI}: A Hybrid Programming Framework for Expressing and Deploying Task-based Parallelism},
 booktitle = {Proceedings of the 17th International Conference on Parallel Processing - Volume Part II},
 series = {Euro-Par'11},
 year = {2011},
 pages = {14--26},
 publisher = {Springer-Verlag}
}


@Inproceedings{Dolzmann04,
 author = {A. Dolzmann and A. Seidl and T. Sturm},
 title = {Efficient projection orders for {CAD}},
 booktitle = {Proc. ISSAC '04},
 year = {2004},
  pages = {111--118},
 location = {Santander, Spain},
  publisher = {ACM},
 } 


@ARTICLE{Dolzmann96,
    author = {A. Dolzmann and T. Sturm},
    title = {REDLOG Computer Algebra Meets Computer Logic},
    journal = {ACM SIGSAM Bulletin},
    year = {1996},
    volume = {31},
    pages = {2--9}
} 

@INPROCEEDINGS{Dolzmann98realquantifier,
    author = {A. Dolzmann and T. Sturm and V. Weispfenning},
    title = {Real Quantifier Elimination in Practice},
    booktitle = {Algorithmic Algebra and Number Theory},
    year = {1998},
    pages = {221--247},
    publisher = {Springer}
}

@inproceedings{Duran:2008:EOT:1789826.1789838,
 author = {Duran, Alejandro and Corbal\'{a}n, Julita and Ayguad{\'e}, Eduard},
 title = {Evaluation of {OpenMP Task} Scheduling Strategies},
 booktitle = {Proc. of the 4th International Conference on {OpenMP} in a New Era of Parallelism},
 series = {IWOMP'08},
 year = {2008},
 isbn = {3-540-79560-X, 978-3-540-79560-5},
 location = {West Lafayette, IN, USA},
 pages = {100--110},
 numpages = {11},

 acmid = {1789838},
 publisher = {Springer-Verlag},
 address = {Berlin, Heidelberg}
}
@inproceedings{Duran:2009:BOT:1678990.1679685,
 author = {Duran, Alejandro and Teruel, Xavier and Ferrer, Roger and Martorell, Xavier and Ayguade, Eduard},
 title = {{Barcelona OpenMP Tasks Suite}: A Set of Benchmarks Targeting the Exploitation of Task Parallelism in {OpenMP}},
 booktitle = {Proc. of the 2009 International Conference on Parallel Processing},
 series = {ICPP '09},
 year = {2009},
 isbn = {978-0-7695-3802-0},
 pages = {124--131},
 numpages = {8},


 acmid = {1679685},
 publisher = {IEEE Computer Society},
 address = {Washington, DC, USA},
 keywords = {OpenMP, benchmark suite, task parallelism}
}

@book{F1992,
	title={The complexity of computation on the parallel random access machine},
	author={Fich, F. E. and University of Toronto. Dept. of Computer Science},
	year={1992},
	publisher={Citeseer}
}

@Misc{F2013,
	title={Efficient and highly parallel computation},
	author={Finkelstein, J.},
	year={2013}
}

@ARTICLE{Feautrier88parametricinteger,
    author = {Paul Feautrier},
    title = {Parametric Integer Programming},
    journal = {RAIRO Recherche Op'erationnelle},

    note = {\url{http://citeseerx.ist.psu.edu/viewdoc/download?doi=10.1.1.30.9957&rep=rep1&type=pdf}},
    year = {1988},
    volume = {22}
} 



@ARTICLE{Feautrier91dataflowanalysis,
    author = {P. Feautrier},
    title = {Dataflow Analysis of Array and Scalar References},
    journal = {International Journal of Parallel Programming},

    year = {1991},
    volume = {20}
} 




@inproceedings{Feautrier:1996:APP:647429.723579,
 author = {Feautrier, Paul},
 title = {Automatic Parallelization in the Polytope Model},
 booktitle = {The Data Parallel Programming Model: Foundations, HPF Realization, and Scientific Applications},
 year = {1996},
 isbn = {3-540-61736-1},
 pages = {79--103},
 numpages = {25},

 note = {\url{http://dl.acm.org/citation.cfm?id=647429.723579}},
 acmid = {723579},
 publisher = {Springer-Verlag},
 address = {London, UK, UK},
}



@inproceedings{Frigo05thedesign,
    author = {M. Frigo and S. G. Johnson},
    title = {The design and implementation of {FFTW3}},
    booktitle = {Proceedings of the IEEE},   
   volume = 93, 
    number = 2,
    year = {2005},
    pages = {216--231}
}

@inproceedings{Frigo:1999:CA:795665.796479,
 author = {Frigo, M. and Leiserson, C. E. and Prokop, H. and Ramachandran, S.},
 title = {{Cache-oblivious Algorithms}},
 booktitle = {Proceedings of the 40th Annual Symposium on Foundations of Computer Science},
 series = {FOCS '99},
 month = {October},
 year = {1999},
 pages = {285--297},
 address = {New York, USA}
}


@inproceedings{Frigo:2006:CCM:1148109.1148157,
 author = {Frigo, M. and Strumpen, V.},
 title = {{The Cache Complexity of Multithreaded Cache Oblivious Algorithms}},
 booktitle = {Proceedings of the Eighteenth Annual ACM Symposium on Parallelism in Algorithms and Architectures},
 series = {SPAA '06},
 year = {2006},
 isbn = {1-59593-452-9},
 location = {Cambridge, Massachusetts, USA},
 pages = {271--280},
 numpages = {10},


 acmid = {1148157},
 publisher = {ACM},
 address = {New York, NY, USA},
} 


@inproceedings{FrigoHalpernLeisersonLewin09,
 author = {Frigo, M. and Halpern, P. and Leiserson, C. E. and Lewin-Berlin, S.},
 title = {{Reducers and Other Cilk++ Hyperobjects}},
 booktitle = {SPAA '09: Proceedings of the Twenty-first Annual Symposium on Parallelism in Algorithms and Architectures},
 year = {2009},
 pages = {79--90},
 publisher = {ACM},
 address = {New York, NY, USA}
 }

@inproceedings{FrigoLeisersonRandallCilk51998,
    author = {M. Frigo and C. E. Leiserson and K. H. Randall},
    title = {The Implementation of the {C}ilk-5 Multithreaded Language},
    booktitle = {ACM SIGPLAN},
    year = {1998},
    note   ={\url{http://dl.acm.org/citation.cfm?id=277725}}
}


@inproceedings{Fung:2007:DWF:1331699.1331735,
 author = {Fung, Wilson W. L. and Sham, Ivan and Yuan, George and Aamodt, Tor M.},
 title = {Dynamic Warp Formation and Scheduling for Efficient {GPU} Control Flow},
 booktitle = {Proceedings of the 40th Annual IEEE/ACM International Symposium on Microarchitecture},
 series = {MICRO 40},
 year = {2007},
 isbn = {0-7695-3047-8},
 pages = {407--420},
 numpages = {14},


 acmid = {1331735},
 publisher = {IEEE Computer Society},
 address = {Washington, DC, USA}
}

@inproceedings{GLDSM2008,
	author = {Govindaraju, N. K. and Lloyd, B. and Dotsenko, Y. and Smith, B. and Manferdelli, J.},
	title = {High performance discrete Fourier transforms on graphics processors},
	booktitle = {Proc. of SC},
	year = {2008},
	location = {Austin, Texas},
	pages = {2:1--2:12},
	articleno = {2},
	numpages = {12},
	publisher = {IEEE}
	
}

@Misc {GMP,
   author = {},
   title = {{{GMP}: Arithmetic without limitations}},
   howpublished = {\texttt{http://gmplib.org}},
} 



@article{GMR1998,
	title={The {Q}ueue-{R}ead {Q}ueue-{W}rite {PRAM} model: Accounting for contention in parallel algorithms},
	author={Gibbons, P. B. and Matias, Y. and Ramachandran, V.},
	journal={SIAM J. on Comput.},
	volume={28},
	number={2},
	pages={733--769},
	year={1998},
	publisher={SIAM}
}


@article{GMR19983,
	title={The {Q}ueue-{R}ead {Q}ueue-write asynchronous {PRAM} model},
	author={Gibbons, P. B. and Matias, Y. and Ramachandran, V.},
	journal={Theoretical Computer Science},
	volume={196},
	number={1},
	pages={3--29},
	year={1998},
	publisher={Elsevier}
}


@article{GMR1999,
	year={1999},
        journal={Theory Comput. Syst.},
	volume={32},
	number={3},
	title={Can a Shared-Memory Model Serve as a Bridging Model for Parallel Computation?},
	publisher={Springer-Verlag},
	author={Gibbons, P. B. and Matias, Y. and Ramachandran, V.},
	pages={327-359}
}

@book{Gathen:2003:MCA:945759,
 author = {J. von zur Gathen and J. Gerhard},
 title = {Modern Computer Algebra},
 year = {2003},
 isbn = {0521826462},
 edition = {2},
 publisher = {Cambridge University Press},
 address = {New York, NY, USA}
}



@inproceedings{Gibbons:1989:MPP:72935.72953,
 author = {Gibbons, P. B.},
 title = {A more practical {PRAM} model},
 booktitle = {Proceedings of the ACM Symposium on Parallel Algorithms and Architectures},
 publisher = {ACM},
 year = {1989},
 pages = {158--168},
 numpages = {11}
}


@ARTICLE{Graham69boundson,
    author = {R. L. Graham},
    title = {Bounds on Multiprocessing Timing Anomalies},
    journal = {SIAM J. on Applied Mathematics},
    year = {1969},
    volume = {17},
    number = {2},
    pages = {416--429}
}



@article{Granville_smoothnumbers:,
    author = {A. Granville},
    title = {Smooth numbers: computational number theory and beyond},
  journal   = {Algorithmic Number Theory, MSRI Publications},
  volume    = {44},
  year      = {2008},
  pages     = {267-323}
}

@inproceedings{H1991,
	author = {Herlihy, M.},
	title = {Impossibility results for asynchronous {PRAM} (extended abstract)},
	booktitle = {Proc. of SPAA},
	year = {1991},
	pages = {327--336},
	numpages = {10},
	publisher = {ACM}
	
}

@inproceedings{HM2012,
  title={Plain Polynomial Arithmetic on {GPU}},
  author={Haque, S. A. and {Moreno Maza}, M.},
  booktitle={J. of Physics: Conf. Series},
  volume={385},
  number={1},
  pages={12014},
  year={2012},
  organization={IOP Publishing}
}

@inproceedings{Han,
 author = {T. D. Han and T. S. Abdelrahman},
 title = {{ThiCUDA}: a high-level directive based
language for {GPU} programming},
 booktitle = {Proceedings of
2nd Workshop on General Purpose Processing on Graphics Processing
Units,},
 series = {GPGPU-2},
 year = {2009},
 pages = {52-61},
 address = {New York, NY, USA}
}

@inproceedings{Han:2009:HCH:1513895.1513902,
 author = {Han, Tianyi David and Abdelrahman, Tarek S.},
 title = {{hiCUDA}: A High-level Directive-based Language for {GPU} Programming},
 booktitle = {Proceedings of GPGPU-2},
 year = {2009},
 isbn = {978-1-60558-517-8},
 location = {Washington, D.C., USA},
 pages = {52--61},
 numpages = {10},

 acmid = {1513902},
 publisher = {ACM},
 keywords = {CUDA, GPGPU, data parallel programming}
}

@inproceedings{Han:2011:RBD:1964179.1964184,
 author = {Han, T. D. and Abdelrahman, T. S.},
 title = {Reducing branch divergence in {GPU} programs},
 booktitle = {Proc. of GPGPU-4},
 year = {2011},
 pages = {3:1--3:8},
 articleno = {3},
 numpages = {8}
}

@book{Hankerson:2003:GEC:940321,
 author = {Hankerson, D. and Menezes, A. J. and Vanstone, S.},
 title = {Guide to Elliptic Curve Cryptography},
 publisher = {Springer-Verlag New York, Inc.},

 isbn = "0-387-95273-X",
 year = 2004
}



@inproceedings{Haque:2010:CFS:1837210.1837238,
 author = {{S. A.}~Haque and S.Hossain and M.~{Moreno Maza}},
 title = {Cache friendly sparse matrix-vector multiplication},
 booktitle = {Proceedings of the 4th International Workshop on Parallel and Symbolic Computation},
 series = {PASCO '10},
 year = {2010},
 isbn = {978-1-4503-0067-4},
 location = {Grenoble, France},
 pages = {175--176},
 numpages = {2},


 acmid = {1837238},
 publisher = {ACM},
 address = {New York, NY, USA},
 keywords = {binary reflected gray code, cache complexity, sparse matrix}
}

@misc{Hart11flintfast,
    author = {W. Hart and F. Johansson and S. Pancratz},
    title = {{FLINT}: {F}ast {L}ibrary for {N}umber {T}heory},
    note = {V. 2.4.3, \url{http://flintlib.org}}
} 

@article{Harvey:2009:FPM:1568787.1568920,
 author = {Harvey, D.},
 title = {Faster Polynomial Multiplication via Multipoint Kronecker Substitution},
 journal = {J. Symb. Comput.},
 volume = {44},
 number = {10},
 year = {2009},
 pages = {1502--1510}
} 

@article{Hentenryck97solvingpolynomial,
    author = {V. Hentenryck, P. and Mcallester, D. and Kapur, D.},
    title = {{Solving Polynomial Systems Using a Branch and Prune Approach}},
    journal = {SIAM Journal on Numerical Analysis},
    year = {1997},
    volume = {34},
    pages = {797--827}
} 

@inproceedings{Hogstedt:1997:DIT:263699.263716,
 author = {H\"{o}gstedt, K. and Carter, L. and Ferrante, J.},
 title = {Determining the idle time of a tiling},
 booktitle = {Proceedings of the 24th ACM SIGPLAN-SIGACT symposium on Principles of programming languages},
 series = {POPL '97},
 year = {1997},
 isbn = {0-89791-853-3},
 location = {Paris, France},
 pages = {160--173},
 numpages = {14},


 acmid = {263716},
 publisher = {ACM},
 address = {New York, NY, USA}
}

@inproceedings{Hogstedt:1999:STS:305619.305641,
 author = {H\"{o}gstedt, K. and Carter, L. and Ferrante, J.},
 title = {Selecting tile shape for minimal execution time},
 booktitle = {Proceedings of the eleventh annual ACM symposium on Parallel algorithms and architectures},
 series = {SPAA '99},
 year = {1999},
 isbn = {1-58113-124-0},
 location = {Saint Malo, France},
 pages = {201--211},
 numpages = {11},


 acmid = {305641},
 publisher = {ACM},
 address = {New York, NY, USA}
}

@inproceedings{Holewinski:2012:HCG:2304576.2304619,
 author = {Holewinski, J. and Pouchet, L. and Sadayappan, P.},
 title = {High-performance code generation for stencil computations on {GPU} architectures},
 booktitle = {Proceedings of the 26th ACM international conference on Supercomputing},
 series = {ICS '12},
 year = {2012},
 isbn = {978-1-4503-1316-2},
 location = {San Servolo Island, Venice, Italy},
 pages = {311--320},
 numpages = {10},


 acmid = {2304619},
 publisher = {ACM},
 address = {New York, NY, USA},
 keywords = {gpu, opencl, overlapped tiling, stencil}
}

@PhdThesis{Hoon00b,
  author =   {H. Hong},
  title =    {Improvements in {CAD}-based Quantifier Elimination},
  school =   {The Ohio State University},
  year =     1990
}


}

@Misc {IntelCilk,
   howpublished = {Intel corporation},
   title = {{Cilk++}},
   note = {\url{http://www.cilk.com}}
}


@Misc {IntelCilkPlus,
   author = {},
   title = {Intel\textregistered \ \ {C}ilk{P}lus},
   url = {{https://software.intel.com/en-us/intel-cilk-plus}}
}

@inproceedings{Irigoin:1988:SP:73560.73588,
 author = {Irigoin, F. and Triolet, R.},
 title = {Supernode partitioning},
 booktitle = {Proceedings of the 15th ACM SIGPLAN-SIGACT symposium on principles of programming languages},
 series = {POPL '88},
 year = {1988},
 isbn = {0-89791-252-7},
 location = {San Diego, California, United States},
 pages = {319--329},
 numpages = {11},


 acmid = {73588},
 publisher = {ACM},
 address = {New York, NY, USA}
}

@inproceedings{Iwane09,
 author = {Iwane, H. and Yanami, H. and Anai, H. and Yokoyama, K.},
 title = {An effective implementation of a symbolic-numeric cylindrical algebraic decomposition for quantifier elimination},
 booktitle = {Proc. of SNC'2009},
 year = {2009},
 pages = {55--64},
 numpages = {10}
}

@ARTICLE{JF2007, 
	author={Johnson, S. G. and Frigo, M.}, 
	journal={Trans. Sig. Proc.}, 
        title={A Modified Split-Radix {FFT} With Fewer Arithmetic Operations}, 
	year={2007}, 
	volume={55}, 
	number={1}, 
	pages={111-119},
        publisher = {IEEE Press},
} 

@incollection{KL1996,
	year={1996},
	booktitle={Foundations of Software Technology and Theoretical Computer Science},
	volume={1180},
	series={Lecture Notes in Computer Science},
	editor={Chandru, V. and Vinay, V.},
	title={Limitations of the {QRQW} and {EREW PRAM} models},
	publisher={Springer},
	author={Kutylowski, M. and Lorys, K.},
	pages={310-321}
} 

@PHDTHESIS{Kalk91,
	   AUTHOR            = {M. Kalkbrener},
	   TITLE             = {{Three Contributions to Elimination Theory}},
	   SCHOOL            = {Johannes Kepler University, Linz},
	   YEAR              = 1991
	  } 

@article{Karp:1967:OCU:321406.321418,
 author = {Karp, Richard M. and Miller, Raymond E. and Winograd, Shmuel},
 title = {The Organization of Computations for Uniform Recurrence Equations},
 journal = {J. ACM},
 issue_date = {July 1967},
 volume = {14},
 number = {3},
 month = jul,
 year = {1967},
 issn = {0004-5411},
 pages = {563--590},
 numpages = {28},


 acmid = {321418},
 publisher = {ACM},
 address = {New York, NY, USA}
} 

@inproceedings{Kennedy:1992:OPD:143369.143427,
 author = {Kennedy, Ken and McKinley, Kathryn S.},
 title = {Optimizing for parallelism and data locality},
 booktitle = {Proceedings of the 6th international conference on Supercomputing},
 series = {ICS '92},
 year = {1992},
 isbn = {0-89791-485-6},
 location = {Washington, D. C., United States},
 pages = {323--334},
 numpages = {12},


 acmid = {143427},
 publisher = {ACM},
 address = {New York, NY, USA}
}

@inproceedings{Krishnamoorthy:2007:EAP:1250734.1250761,
 author = {Krishnamoorthy, Sriram and Baskaran, Muthu and Bondhugula, Uday and Ramanujam, J. and Rountev, Atanas and Sadayappan, P},
 title = {Effective automatic parallelization of stencil computations},
 booktitle = {Proceedings of the 2007 ACM SIGPLAN conference on Programming language design and implementation},
 series = {PLDI '07},
 year = {2007},
 isbn = {978-1-59593-633-2},
 location = {San Diego, California, USA},
 pages = {235--244},
 numpages = {10},


 acmid = {1250761},
 publisher = {ACM},
 address = {New York, NY, USA},
 keywords = {automatic parallelization, load, stencil computations, tiling}
} 

@article{Krishnamoorthy:2007:EAP:1273442.1250761,
 author = {Krishnamoorthy, Sriram and Baskaran, Muthu and Bondhugula, Uday and Ramanujam, J. and Rountev, Atanas and Sadayappan, P},
 title = {Effective automatic parallelization of stencil computations},
 journal = {SIGPLAN Not.},
 issue_date = {June 2007},
 volume = {42},
 number = {6},
 month = jun,
 year = {2007},
 issn = {0362-1340},
 pages = {235--244},
 numpages = {10},


 acmid = {1250761},
 publisher = {ACM},
 address = {New York, NY, USA},
 keywords = {automatic parallelization, load, stencil computations, tiling}
}

@article{L1974,
	author = {Lamport, L.},
	title = {A new solution of {D}ijkstra's concurrent programming problem},
	journal = {Commun. ACM},
	volume = {17},
	number = {8},
	year = {1974},
	pages = {453--455},
	numpages = {3},
	publisher = {ACM},
	address = {New York, NY, USA}
} 

@article{LB2007,
	year={2007},
	journal={Computing},
	volume={80},
	issue={1},
	title={A new matrix approach to real {FFT}s and convolutions of length $2^k$},
	publisher={Springer-Verlag},
	author={Lundy, T. and Buskirk, J.},
	pages={23-45}
} 

@Misc{LLVM,
        author = {},
        title = {The {LLVM} Compiler Infrastructure},                        

} 



@inproceedings{Lattner:2004:LCF:977395.977673,
 author = {Lattner, Chris and Adve, Vikram},
 title = {{LLVM}: A Compilation Framework for Lifelong Program Analysis \& Transformation},
 booktitle = {Proceedings of CGO '04},
 year = {2004},
 isbn = {0-7695-2102-9},
 location = {Palo Alto, California},
 pages = {75--},
 acmid = {977673},
 publisher = {IEEE Computer Society}
} 

@inproceedings{Lee:2009:OGC:1504176.1504194,
 author = {Lee, Seyong and Min, Seung-Jai and Eigenmann, Rudolf},
 title = {{OpenMP} to {GPGPU}: a compiler framework for automatic translation and optimization},
 booktitle = {Proceedings of the 14th ACM SIGPLAN symposium on Principles and practice of parallel programming},
 series = {PPoPP '09},
 year = {2009},
 isbn = {978-1-60558-397-6},
 location = {Raleigh, NC, USA},
 pages = {101--110},
 numpages = {10},


 acmid = {1504194},
 publisher = {ACM},
 address = {New York, NY, USA},
 keywords = {automatic translation, compiler optimization, cuda, gpu, openmp}
} 

@inproceedings{Lee:2010:OEO:1884643.1884674,
 author = {Lee, Seyong and Eigenmann, Rudolf},
 title = {{OpenMPC}: Extended {OpenMP} Programming and Tuning for {GPUs}},
 booktitle = {Proceedings of the 2010 ACM/IEEE International Conference for High Performance Computing, Networking, Storage and Analysis},
 series = {SC '10},
 year = {2010},
 pages = {1--11},
 publisher = {IEEE Computer Society}
}

@inproceedings{Lee:2013:OPP:2486159.2486174,
 author = {Lee, I-Ting Angelina and Leiserson, Charles E. and Schardl, Tao B. and Sukha, Jim and Zhang, Zhunping},
 title = {On-the-fly Pipeline Parallelism},
 booktitle = {Proceedings of the 25th ACM Symposium on Parallelism in Algorithms and Architectures},
 series = {SPAA '13},
 year = {2013},
 isbn = {978-1-4503-1572-2},
 location = {Montr\&\#233;al, Qu\&\#233;bec, Canada},
 pages = {140--151},
 numpages = {12},


 acmid = {2486174},
 publisher = {ACM},
 address = {New York, NY, USA},
 keywords = {cilk, multicore, multithreading, on-the-fly pipelining, parallel programming, pipeline parallelism, scheduling, work stealing}
} 



@inproceedings{Leiserson09,
 author = {Leiserson, C. E.},
 title = {The {C}ilk++ Concurrency Platform},
 booktitle = {DAC '09: Proceedings of the 46th Annual Design Automation Conference},
 year = {2009},
 pages = {522--527},
 publisher = {ACM},
 address = {New York, NY, USA},
 note = {\url{http://link.springer.com/article/10.1007/s11227-010-0405-3}}
 } 

@inproceedings{Lengauer:1993:LPP:646728.703499,
 author = {Lengauer, Christian},
 title = {Loop Parallelization in the Polytope Model},
 booktitle = {Proceedings of the 4th International Conference on Concurrency Theory},
 series = {CONCUR '93},
 year = {1993},
 isbn = {3-540-57208-2},
 pages = {398--416},
 numpages = {19},

 acmid = {703499},
 publisher = {Springer-Verlag},
 address = {London, UK, UK}
} 

@book{Lex,
author = {Aho, A. V., Ravi S. and Jeffrey D. U.},
title = {{Compilers: Principles, Techniques and Tools}},
publisher = {Addison-Wesley, Reading, Massachusetts},
year = {2006}
} 

@book{Lex1,
author = {Levine, John R., Tony Mason and Doug Brown},
title = {{Lex and YACC}},
publisher = {O’Reilly \& Associates, Inc. Sebastopol, California.},
year = {1992},
} 

@inproceedings{Li:2007:MPI:1278177.1278187,
 author = {Xin Li and Marc {Moreno Maza}},
 title = {Multithreaded parallel implementation of arithmetic operations modulo a triangular set},
 booktitle = {Proceedings of the 2007 International Workshop on Parallel Smbolic Computation},
 series = {PASCO '07},
 year = {2007},
 isbn = {978-1-59593-741-4},
 location = {London, Ontario, Canada},
 pages = {53--59},
 numpages = {7},


 acmid = {1278187},
 publisher = {ACM},
 address = {New York, NY, USA},
 keywords = {algorithms, high-performance, normal form, parallelization, polynomials},
} 

@article{Liao:2007:OOP:1298358.1298361,
 author = {Liao, Chunhua and Hernandez, Oscar and Chapman, Barbara and Chen, Wenguang and Zheng, Weimin},
 title = {{OpenUH}: An Optimizing, Portable {OpenMP} Compiler: Research Articles},
 journal = {Concurr. Comput. : Pract. Exper.},
 issue_date = {December 2007},
 volume = {19},
 number = {18},
 month = dec,
 year = {2007},
 issn = {1532-0626},
 pages = {2317--2332},
 numpages = {16},


 acmid = {1298361},
 publisher = {John Wiley and Sons Ltd.},
 address = {Chichester, UK},
 keywords = {OpenMP runtime library, OpenMP translation, hybrid OpenMP compiler}
}

@inproceedings{Liu:2003:IPO:1761900.1761925,
 author = {Liu, Zhenying and Chapman, Barbara and Weng, Tien-Hsiung and Hernandez, Oscar},
 title = {Improving the Performance of {OpenMP} by Array Privatization},
 booktitle = {Proceedings of the {OpenMP} Applications and Tools 2003 International Conference on {OpenMP} Shared Memory Parallel Programming},
 series = {WOMPAT'03},
 year = {2003},
 isbn = {3-540-40435-X},
 location = {Toronto, Canada},
 pages = {244--259},
 numpages = {16},

 acmid = {1761925},
 publisher = {Springer-Verlag},
 address = {Berlin, Heidelberg}
} 


@incollection{Lu:1994:SDA:197567.197580,
 author = {Lu, Y.},
 chapter = {Searching dependency between algebraic equations: an algorithm applied to automated reasoning},
 title = {{Artificial Intelligence in Mathematics}},
 editor = {Johnson, Jeffrey and McKee, Sean and Vella, Alfred},
 year = {1994},
 isbn = {0-19-853686-0},
 pages = {147--156},
 numpages = {10},

 acmid = {197580},
 publisher = {Oxford University Press, Inc.},
 address = {New York, NY, USA},

} 

@article{M1971,
	title = {A Dual of Dilworth's Decomposition Theorem},
	author = {Mirsky, L.},
	journal = {The American Math. Monthly},
	volume = {78},
	number = {8},
	pages = { 876-877},
	year = {1971},
	publisher = {Mathematical Association of America}
}



@article{M1999,
	title={Lower bounds in a parallel model without bit operations},
	author={Mulmuley, K.},
	journal={SIAM J. on Comput.},
	volume={28},
	number={4},
	pages={1460--1509},
	year={1999},
	publisher={SIAM}
}






@article{MG2011,
	author = {Merrill, D. and Grimshaw, A.},
	title = {High Performance and Scalable Radix Sorting: a Case Study
               of Implementing Dynamic Parallelism for {GPU} Computing}, 
	journal = {Parallel Processing Letters},
	volume = {21},
	number = {2},
	pages = {245-272},
	year = {2011}
} 

@article{MP10,
   title={Fast polynomial arithmetic on a {GPU}},
   author={M. {Moreno Maza} and  W.~Pan}, 
   JOURNAL = {J. of Physics: Conference Series},
   VOLUME = {256},
 numpages = {10},
  organization={IOP Publishing}, 
   year={2010}
} 


@article{MP11,
   title={Solving Bivariate Polynomial Systems on a {GPU}},
   author={M. {Moreno Maza} and  W.~Pan}, 
   JOURNAL = {J. of Physics: Conference Series},
   VOLUME = {341},
 numpages = {14},
   year={2011}
} 


@Misc{MPI,
  author =       {James, S. and Fredrik, W. },
  title =        {More Practical {PRAM}s},
  howpublished = {http://www.doc.ic.ac.uk/${\sim}$nd/surprise${\_}$95/journal/vol4/fcw/ report.html}
}

@article{MR1484478,
    AUTHOR = {Bosma, W. and Cannon, J. and Playoust, C.},
     TITLE = {The {M}agma algebra system. {I}. {T}he user language},
   JOURNAL = {J. Symbolic Comput.},
    VOLUME = {24},
      YEAR = {1997},
    NUMBER = {3-4},
     PAGES = {235--265}
}

@article{MX12,
  author    = {{Moreno Maza}, M. and {Xiao}, R.},
  title     = {Degree and Dimension Estimates for Invariant Ideals of P-solvable Recurrences}, 
  journal = {Proceedings of Asian Symposium of Computer Mathematics (ASCM) 2012},
  address={Beijing, China},
  year = {Oct. 2012}
}


@INPROCEEDINGS{Macdonald04rethinkingthe,
    author = {Steve Macdonald and Duane Szafron and Jonathan Schaeffer},
    title = {Rethinking the pipeline as object–oriented states with transformations},
    booktitle = {9th International Workshop on High-Level Parallel Programming Models and Supportive Environments (HIPS’2004) at IPDPS},

    note = {\url{http://ieeexplore.ieee.org/xpls/abs_all.jsp?arnumber=1299186&tag=1}},
    year = {2004},
    pages = {12--21}
} 

@article{Maza:2011:SBP:2016567.2016589,
 author = {{Moreno Maza}, Marc and Pan, Wei},
 title = {Solving Bivariate Polynomial Systems on a {GPU}},
 journal = {ACM Commun. Comput. Algebra},
 issue_date = {March/June 2011},
 volume = {45},
 number = {1/2},
 month = jul,
 year = {2011},
 issn = {1932-2240},
 pages = {127--128},
 numpages = {2},
 note = {\url{http://doi.acm.org/10.1145/2016567.2016589}},

 acmid = {2016589},
 publisher = {ACM},
 address = {New York, NY, USA},
}


@inproceedings{Meng:2010:SMF:1837210.1837235,
 author = {Meng, L. and Voronenko, Y. and Johnson, J. R. and {Moreno Maza}, M. and Franchetti, F. and Xie, Y.},
 title = {Spiral-generated modular {FFT} algorithms},
 booktitle = {Proceedings of the 4th International Workshop on Parallel and Symbolic Computation},
 series = {PASCO '10},
 year = {2010},
 isbn = {978-1-4503-0067-4},
 location = {Grenoble, France},
 pages = {169--170},
 numpages = {2},


 acmid = {1837235},
 publisher = {ACM},
 address = {USA},
 keywords = {FFT, autotuning, code generation, high performance computing, modular arithmetic, vectorization}
} 

@article{Mitchell:1998:QMN:608716.608763,
 author = {Mitchell, Nicholas and H\"{o}gstedt, Karin and Carter, Larry and Ferrante, Jeanne},
 title = {Quantifying the Multi-Level Nature of Tiling Interactions},
 journal = {Int. J. Parallel Program.},
 issue_date = {December 1998},
 volume = {26},
 number = {6},
 month = dec,
 year = {1998},
 issn = {0885-7458},
 pages = {641--670},
 numpages = {30},


 acmid = {608763},
 publisher = {Kluwer Academic Publishers},
 address = {Norwell, MA, USA},
 keywords = {COMPILER, LOCALITY, MEMORY HIERARCHY, PARALLELISM, TILING}
} 

@inproceedings{MorenoMaza:2009:FDP:2127968.2128001,
 author = {Marc {Moreno Maza} and Yuzhen Xie},
 title = {{FFT}-based dense polynomial arithmetic on multi-cores},
 booktitle = {Proceedings of the 23rd international conference on High Performance Computing Systems and Applications},
 series = {HPCS'09},
 year = {2010},
 isbn = {3-642-12658-8, 978-3-642-12658-1},
 location = {Kingston, ON, Canada},
 pages = {378--399},
 numpages = {22},
 note = {\url{http://dx.doi.org/10.1007/978-3-642-12659-8_28}},

 acmid = {2128001},
 publisher = {Springer-Verlag},
 address = {Berlin, Heidelberg},
 keywords = {Cilk++, multi-core, parallel multi-dimensional FFT/TFT, parallel normal form, parallel polynomial arithmetic, parallel polynomial multiplication}
} 

@article{MorenoMazaXie09a,
 author    = {M. {Moreno Maza} and
               Y. Xie},
  title     = {Balanced Dense Polynomial Multiplication on Multi-cores},
  journal   = {Int. J. Found. Comput. Sci.},
  volume    = {22},
  number    = {5},
  year      = {2011},
  pages     = {1035--1055},

  bibsource = {DBLP, http://dblp.uni-trier.de}
} 

@inproceedings{Myers:1997:PMA:267521.267758,
 author = {Myers, Gene and Selznick, Sanford and Zhang, Zheng and Miller, Webb},
 title = {Progressive Multiple Alignment with Constraints},
 booktitle = {Proceedings of the First Annual International Conference on Computational Molecular Biology},
 series = {RECOMB '97},
 year = {1997},
 isbn = {0-89791-882-7},
 location = {Santa Fe, New Mexico, USA},
 pages = {220--225},
 numpages = {6},


 acmid = {267758},
 publisher = {ACM},
 address = {New York, NY, USA},
 keywords = {constrained alignment, dynamic programming, multiple sequence alignment},
} 


@incollection{NR1995,
	year={1995},
	booktitle={Fundamentals of Computation Theory},
	volume={965},
	series={Lecture Notes in Computer Science},
	editor={Reichel, H.},
	title={{PRAM}'s towards realistic parallelism: {BRAM}'s},
	publisher={Springer},
	author={Niedermeier, R. and Rossmanith, P.},
	pages={363-373}
}

@inproceedings{Navarro:2009:AMP:1636712.1637767,
 author = {Navarro, Angeles and Asenjo, Rafael and Tabik, Siham and Cascaval, Calin},
 title = {Analytical Modeling of Pipeline Parallelism},
 booktitle = {Proceedings of the 2009 18th International Conference on Parallel Architectures and Compilation Techniques},
 series = {PACT '09},
 year = {2009},
 isbn = {978-0-7695-3771-9},
 pages = {281--290},
 numpages = {10},


 acmid = {1637767},
 publisher = {IEEE Computer Society},
 address = {Washington, DC, USA},
 keywords = {Parallel pipeline paradigm, load imbalance, work-stealing, analytical model.}
}



@inproceedings{OPMi2003,
author = {V.V. Dimakopoulos, E. Leontiadis and G. Tzoumas},
title = {A portable C compiler for {OpenMP} V.2.0},
booktitle = {Proc. of the 5th European Workshop on {OpenMP} (EWOMP)},
 year = {2003},
 pages = {5-11}
}

@Misc{OpenMP,
  author = {OpenMP ARB},
  title = {{OpenMP}},
  howpublished = {\texttt{http://openmp.org/wp/}},
}




@Misc{OpenMP1,
        author = {OpenMP ARB},
        title = {{OpenMP Fortran 1.0}},
        howpublished = {\texttt{http://www.openmp.org/mp-documents/fspec10.pdf}},
}

@Misc{OpenMP2,
        author = {OpenMP ARB},
        title = {{OpenMP C/C++ 1.0}},
        howpublished = {\texttt{http://www.openmp.org/mp-documents/cspec10.pdf}},
}


@Misc{OpenMP3,
        author = {OpenMP ARB},
        title = {{OpenMP Fortran 2.0}},
        howpublished = {\texttt{http://www.openmp.org/mp-documents/fspec20.pdf}},
}

@Misc{OpenMP35,
        author = {OpenMP ARB},
        title = {{OpenMP C/C++ 2.0}},        
  howpublished = {\texttt{http://www.openmp.org/mp-documents/cspec20.pdf}},
} 

@misc{OpenMP4,
  howpublished = {{OpenMP Architecture Review Board}},
  title = {{OpenMP} Application Program Interface, version 4.0},
   year = 	 2013,
  month = July,

  note = {\url{http://www.openmp.org/mp-documents/OpenMP4.0.0.pdf}}
}

@Misc{OpenMP5,
        author = {OpenMP ARB},
        title = {{OpenMP Fortran 2.5}},        
  howpublished = {\texttt{http://www.openmp.org/mp-documents/fspec25.pdf}},
} 


@Misc{OpenMP6,
        author = {OpenMP ARB},
        title = {{OpenMP C/C++ 3.0}},                
  howpublished = {\texttt{http://www.openmp.org/mp-documents/cspec30.pdf}},
}

@Misc{OpenMP7,
        author = {OpenMP ARB},
        title = {{OpenMP C/C++ 3.1}},                
  howpublished = {\texttt{http://www.openmp.org/mp-documents/OpenMP3.1.pdf}},
} 

@Misc{OpenMP8,
        author = {OpenMP ARB},
        title = {{OpenMP C/C++ 4.0}},                        
  howpublished = {\texttt{http://www.openmp.org/mp-documents/OpenMP4.0.0.pdf}},
}

@book{Ortega1970,
author = {M. Ortega, J. and C. Rheinboldt, W.},
title = {{Iterative Solution of Nonlinear Equations in Several Variables}},
publisher = {Academic Press  (New York)},
year = {1970},
} 



@article{Poletto:1999:LSR:330249.330250,
 author = {Poletto, Massimiliano and Sarkar, Vivek},
 title = {Linear Scan Register Allocation},
 journal = {ACM Trans. Program. Lang. Syst.},
 issue_date = {Sept. 1999},
 volume = {21},
 number = {5},
 month = sep,
 year = {1999},
 issn = {0164-0925},
 pages = {895--913},
 numpages = {19},


 acmid = {330250},
 publisher = {ACM},
 address = {New York, NY, USA},
 keywords = {code optimization, compilers, register allocation}
}



@ARTICLE{Pueschel:05,
	AUTHOR = {M. P{\"u}schel and J. M. F. Moura and 
	J. Johnson and D. Padua and M. Veloso and B. Singer and 
	J. Xiong and F. Franchetti and A. Gacic and Y. Voronenko and 
	K. Chen and R. W. Johnson and N. Rizzolo},
	TITLE = {{SPIRAL}: Code Generation for {DSP} Transforms},
	JOURNAL = {Proceedings of the IEEE, special issue on ``Program Generation, Optimization, and Adaptation''},
	VOLUME = {93},
	NUMBER = {2},
	PAGES = {232-- 275},
	YEAR = {2005}
}

@misc{QEPCAD,
	author = {{Hong {\it et al.}}, H.},
	title ={{QEPCAD B}},
	publisher = {www.usna.edu/Users/cs/qepcad/},
	year ={\url{www.usna.edu/Users/cs/qepcad/}}
}

@inproceedings{Quinlan,
 author = {D. J. Quinlan, M. Schordan, B. Philip and M. Kowarschik},
 title = {{The specification of source-to-source transformations for the compile-time optimization
of parallel object-oriented scientific applications}},
 booktitle = {Proceedings of the 14th international conference on Languages and compilers for parallel computing},
 series = {LCPC'01},
 year = {2003},
 pages = {383-394},
 address = {Berlin, Heidelberg}
}

@Misc{RM2009,
	title={Optimizing matrix transpose in {CUDA}},
	author={Ruetsch, G. and Micikevicius, P.},
	journal={{NVIDIA CUDA SDK} Application Note},
	year={2009}
}


@inproceedings{RRSBUSH2008,
	author = {Ryoo, S. and Rodrigues, C. I. and Stone, S. S. and Baghsorkhi, S. S. and Ueng, S. and Stratton, J. A. and Hwu, W. W.},
	title = {Program optimization space pruning for a multithreaded {GPU}},
	booktitle = {Proc. of CGO},
	year = {2008},
	pages = {195--204},
	numpages = {10},
	publisher = {ACM}
	
}

@inproceedings{ryoo2008optimization,
	title={Optimization principles and application performance evaluation of a multithreaded GPU using CUDA},
	author={Ryoo, Shane and Rodrigues, Christopher I and Baghsorkhi, Sara S and Stone, Sam S and Kirk, David B and Hwu, Wen-mei W},
	booktitle={Proceedings of the 13th ACM SIGPLAN Symposium on Principles and practice of parallel programming},
	pages={73--82},
	year={2008},
	organization={ACM}
}

@article{Rau:1993:IPP:172782.172784,
 author = {Rau, B. Ramakrishna and Fisher, Joseph A.},
 title = {Instruction-level Parallel Processing: History, Overview, and Perspective},
 journal = {J. Supercomput.},
 issue_date = {May 1993},
 volume = {7},
 number = {1-2},
 month = may,
 year = {1993},
 issn = {0920-8542},
 pages = {9--50},
 numpages = {42},


 acmid = {172784},
 publisher = {Kluwer Academic Publishers},
 address = {Hingham, MA, USA}
}


@inproceedings{Reed:2011:EPP:2095050.2095074,
 author = {Reed, Eric C. and Chen, Nicholas and Johnson, Ralph E.},
 title = {Expressing Pipeline Parallelism Using {TBB} Constructs: A Case Study on What Works and What Doesn'T},
 booktitle = {Proceedings of the Compilation of the Co-located Workshops on DSM'11, TMC'11, AGERE!'11, AOOPES'11, NEAT'11, \&\#38; VMIL'11},
 series = {SPLASH '11 Workshops},
 year = {2011},
 isbn = {978-1-4503-1183-0},
 location = {Portland, Oregon, USA},
 pages = {133--138},
 numpages = {6},


 acmid = {2095074},
 publisher = {ACM},
 address = {New York, NY, USA},
 keywords = {pattern, pipeline parallelism, pthreads, threading building blocks}
}

@MastersThesis{Rhodin2010,
  author = 	 {Helge Rhodin},
  title = 	 {A {PTX} Code Generator for {LLVM}},
  school = 	 {Saarland University},
  year = 	 {2010}
}


@inproceedings{Rudy:2010:PLI:1964536.1964546,
 author = {Rudy, Gabe and Khan, Malik Murtaza and Hall, Mary and Chen, Chun and Chame, Jacqueline},
 title = {A Programming Language Interface to Describe Transformations and Code Generation},
 booktitle = {Proceedings of the 23rd International Conference on Languages and Compilers for Parallel Computing},
 series = {LCPC'10},
 year = {2011},
 isbn = {978-3-642-19594-5},
 location = {Houston, TX},
 pages = {136--150},
 numpages = {15},
 acmid = {1964546},
 publisher = {Springer-Verlag},
 address = {Berlin, Heidelberg}
}

@INPROCEEDINGS{SHG2009, 
	author={Satish, N. and Harris, M. and Garland, M.}, 
	booktitle={Proc. of  IPDPS 2009}, 
        title={Designing efficient sorting algorithms for manycore {GPU}s}, 
	year={2009}, 
        publisher={IEEE}, 
	pages={1-10}
}

@inproceedings{Sanchez:2011:DFS:2120965.2121481,
 author = {Sanchez, Daniel and Lo, David and Yoo, Richard M. and Sugerman, Jeremy and Kozyrakis, Christos},
 title = {Dynamic Fine-Grain Scheduling of Pipeline Parallelism},
 booktitle = {Proceedings of the 2011 International Conference on Parallel Architectures and Compilation Techniques},
 series = {PACT '11},
 year = {2011},
 isbn = {978-0-7695-4566-0},
 pages = {22--32},
 numpages = {11},


 acmid = {2121481},
 publisher = {IEEE Computer Society},
 address = {Washington, DC, USA}
}



@inproceedings{Sanchez:2012:CEP:2357487.2357615,
 author = {Sanchez, Luis Miguel and Fernandez, Javier and Sotomayor, Rafael and Garcia, J. Daniel},
 title = {A Comparative Evaluation of Parallel Programming Models for Shared-Memory Architectures},
 booktitle = {Proceedings of the 2012 IEEE 10th International Symposium on Parallel and Distributed Processing with Applications},
 series = {ISPA '12},
 year = {2012},
 isbn = {978-0-7695-4701-5},
 pages = {363--370},
 numpages = {8},


 acmid = {2357615},
 publisher = {IEEE Computer Society},
 address = {Washington, DC, USA},
 keywords = {GPGPU, Paralel computing, SIMD, Multicore},
}

@MastersThesis{Shekar2013,
  author = 	 {Sushek Shekar},
  title = 	 {On the Interoperability of Programming Languages based on the Fork-Join Parallelism Model},
  school = 	 {University of Western Ontario},
  year = 	 2013,
  url =	 {http://ir.lib.uwo.ca/etd/1848/}
}

@inproceedings{Spoonhower:2009:BNP:1583991.1584019,
 author = {Spoonhower, Daniel and Blelloch, Guy E. and Gibbons, Phillip B. and Harper, Robert},
 title = {Beyond Nested Parallelism: Tight Bounds on Work-stealing Overheads for Parallel Futures},
 booktitle = {Proceedings of the Twenty-first Annual Symposium on Parallelism in Algorithms and Architectures},
 series = {SPAA '09},
 year = {2009},
 isbn = {978-1-60558-606-9},
 location = {Calgary, AB, Canada},
 pages = {91--100},
 numpages = {10},

 note = {\url{http://doi.acm.org/10.1145/1583991.1584019}},

 acmid = {1584019},
 publisher = {ACM},
 address = {New York, NY, USA},
 keywords = {futures, performance bounds, scheduling, work stealing}
}

@inproceedings{Stockham66,
 author = {Stockham, T. G. Jr.},
 title = {High-speed convolution and correlation},
 booktitle = {Proc. of AFIPS},
  publisher = {ACM},
 year = {1966},
 pages = {229--233},
 location = {Boston, Massachusetts}

 }

@inproceedings{Tang:2011:PSC:1989493.1989508,
 author = {Tang, Yuan and Chowdhury, Rezaul Alam and Kuszmaul, Bradley C. and Luk, Chi-Keung and Leiserson, Charles E.},
 title = {The Pochoir Stencil Compiler},
 booktitle = {Proceedings of the 23rd ACM Symposium on Parallelism in Algorithms and Architectures},
 series = {SPAA '11},
 year = {2011},
 isbn = {978-1-4503-0743-7},
 location = {San Jose, California, USA},
 pages = {117--128},
 numpages = {12},


 acmid = {1989508},
 publisher = {ACM},
 address = {New York, NY, USA},
 keywords = {C++, cache-oblivious algorithm, cilk, compiler, embedded domain-specific language, multicore, parallel computation, stencil computation, trapezoidal decomposition}
}

@INPROCEEDINGS{Thies07apractical,
    author = {William Thies and Vikram Chandrasekhar and Saman Amarasinghe},
    title = {A practical approach to exploiting coarse-grained pipeline parallelism in C programs},
    booktitle = {In International Symposium on Microarchitecture},
    year = {2007}
}

@TechReport{UCAM-CL-TR-796,
  author =	 {Mak, Jonathan},
  title = 	 {{Facilitating program parallelisation: a profiling-based
         	   approach}},
  year = 	 2011,
  month = 	 mar,

  note = {\url{http://www.cl.cam.ac.uk/techreports/UCAM-CL-TR-796.pdf}},
  institution =  {University of Cambridge, Computer Laboratory},
  number = 	 {UCAM-CL-TR-796}
}

@incollection{UGB2007,
	author = {U. Vishkin and G. C. Caragea and B. Lee},
	title = {Models for advancing {PRAM} and other algorithms into parallel programs for a {PRAM}-On-Chip platform},
	booktitle = {Handbook of Parallel Computing: Models, Algorithms and Applications},
	year = {2007},
	publisher = {{CRC} Press},
        editor={S. Rajasekaran}
}

@inproceedings{Unnikrishnan:2012:PAD:2402420.2402448,
 author = {Unnikrishnan, Priya and Shirako, Jun and Barton, Kit and Chatterjee, Sanjay and Silvera, Raul and Sarkar, Vivek},
 title = {A Practical Approach to DOACROSS Parallelization},
 booktitle = {Proceedings of the 18th International Conference on Parallel Processing},
 series = {Euro-Par'12},
 year = {2012},
 isbn = {978-3-642-32819-0},
 location = {Rhodes Island, Greece},
 pages = {219--231},
 numpages = {13},
 note = {\url{http://dx.doi.org/10.1007/978-3-642-32820-6_23}},

 acmid = {2402448},
 publisher = {Springer-Verlag},
 address = {Berlin, Heidelberg}
}

@article{V1990,
	author = {Valiant, L. G.},
	title = {A bridging model for parallel computation},
	journal = {Commun. ACM},
	volume = {33},
	number = {8},
	year = {1990},
	pages = {103--111},
	numpages = {9},
	publisher = {ACM},
	address = {New York, NY, USA}
}

@book{V2011,
  title={Programming Many-Core Chips},
  author={Vajda, A.},
  year={2011},
  publisher={Springer}
}

@INPROCEEDINGS{WMS2007, 
	author={W. Liu and W. {Muller-Wittig} and Schmidt, B.}, 
	booktitle={Proc. of ICPP}, 
        title={Performance Predictions for General-Purpose Computation on {GPU}s}, 
	year={2007}, 
	pages={50}
} 
 

@article{Wang:1980:EA:1089220.1089228,
 author = {S. Wang, P.},
 title = {{The EEZ-GCD Algorithm}},
 journal = {SIGSAM Bull.},
 volume = {14},
 issue = {2},
 month = {May},
 year = {1980},
 issn = {0163-5824},
 pages = {50--60},
 numpages = {11},


 acmid = {1089228},
 publisher = {ACM},
 address = {New York, NY, USA},
}

@article{Wang:2006:FAF:2312071.2312508,
 author = {Wang, Y. and Zhu, X.},
 title = {A Fast Algorithm for the {Fourier} Transform over Finite Fields and Its {VLSI} Implementation},
 journal = {IEEE J.Sel. A. Commun.},
 issue_date = {September 2006},
 volume = {6},
 number = {3},
 month = sep,
 year = {2006},
 issn = {0733-8716},
 pages = {572--577},
 numpages = {6},


 acmid = {2312508},
 publisher = {IEEE Press},
 address = {Piscataway, NJ, USA},
}

@InCollection{Weispfenning93,
  author = "V. Weispfenning",
  title =  "A New Approach to Quantifier Elimination for Real Algebra,
in Quantifier Elimination and Cylindrical Algebraic Decomposition",
  booktitle = "Quantifier Elimination and Cylindical Algebraic
Decomposition, Texts and Mongraphs in Symbolic Computation",
  editor = "B. Caviness and J. Johnson",
  publisher = "Springer",
  pages = "376-392",
  year = "1998"
}
@inproceedings{Wimmer:2010:LSR:1772954.1772979,
 author = {Wimmer, Christian and Franz, Michael},
 title = {Linear Scan Register Allocation on {SSA} Form},
 booktitle = {Proceedings of the 8th Annual IEEE/ACM International Symposium on Code Generation and Optimization},
 series = {CGO '10},
 year = {2010},
 isbn = {978-1-60558-635-9},
 location = {Toronto, Ontario, Canada},
 pages = {170--179},
 numpages = {10},


 acmid = {1772979},
 publisher = {ACM},
 address = {New York, NY, USA},
 keywords = {Java, SSA form, SSA form deconstruction, just-in-time compilation, lifetime analysis, linear scan, register allocation}
}

@inproceedings{Wu:2016:GOG:2854038.2854041,
 author = {Wu, Jingyue and Belevich, Artem and Bendersky, Eli and Heffernan, Mark and Leary, Chris and Pienaar, Jacques and Roune, Bjarke and Springer, Rob and Weng, Xuetian and Hundt, Robert},
 title = {{GPUCC}: An Open-source {GPGPU} Compiler},
 booktitle = {Proceedings of the 2016 International Symposium on Code Generation and Optimization},
 series = {CGO 2016},
 year = {2016},
 isbn = {978-1-4503-3778-6},
 location = {Barcelona, Spain},
 pages = {105--116},
 numpages = {12},
 note = {\url{http://doi.acm.org/10.1145/2854038.2854041}},

 acmid = {2854041},
 publisher = {ACM},
 address = {New York, NY, USA},
 keywords = {GPU, compiler, optimization},
}

@article{Wynters:2016:FEP:2904446.2904451,
 author = {Wynters, Erik},
 title = {Fast and Easy Parallel Processing on {GPUs} Using {C++ AMP}},
 journal = {J. Comput. Sci. Coll.},
 issue_date = {June 2016},
 volume = {31},
 number = {6},
 month = jun,
 year = {2016},
 issn = {1937-4771},
 pages = {27--33},
 numpages = {7},
 note = {\url{http://dl.acm.org/citation.cfm?id=2904446.2904451}},
 acmid = {2904451},
 publisher = {Consortium for Computing Sciences in Colleges},
 address = {USA},
}


@INPROCEEDINGS{YO2011, 
	author={Zhang, Y.  and Owens, J. D.},  
        title={A quantitative performance analysis model for {GPU} architectures}, 
	booktitle={Proc. of HPCA}, 
	year={2011}, 
	pages={382 -393}, 
	publisher = {IEEE Press}
}

@book{Yacc,
author = {Johnson, Stephen C.},
title = {{Yacc: Yet Another Compiler Compiler}},
publisher = {Computing Science Technical Report No. 32, Bell Laboratories, Murray hill, New Jersey.},
year = {1975},
}

@Article{YanChapmanWong2015,
  author = 	 {Yonghong Yan and  Barbara M. Chapman and Michael Wong},
  title = 	 {A Comparison of Heterogeneous and Manycore Programming Models
},
  journal = 	 {HPC Wire},
  year = 	 2015,
  month = 	 {march},

   note = {\url{http://www.hpcwire.com/2015/03/02/a-comparison-of-heterogeneous-and-manycore-programming-models/}}
}

@inproceedings{Yun:1976:SDA:800205.806320,
 author = {Y. Y. Yun, D.},
 title = {{On Square-free Decomposition Algorithms}},
 booktitle = {Proceedings of the Third ACM Symposium on Symbolic and Algebraic Computation},
 series = {SYMSAC '76},
 year = {1976},
 location = {Yorktown Heights, New York, United States},
 pages = {26--35},
 numpages = {10},


 acmid = {806320},
 publisher = {ACM},
 address = {New York, NY, USA}
}

@inproceedings{Zhao:2010:GMI:1900726.1901490,
 author = {Zhao, Kaiyong and Chu, Xiaowen},
 title = {GPUMP: A Multiple-Precision Integer Library for {GPUs}},
 booktitle = {Proceedings of the 2010 10th IEEE International Conference on Computer and Information Technology},
 series = {CIT '10},
 year = {2010},
 isbn = {978-0-7695-4108-2},
 pages = {1164--1168},
 numpages = {5},


 acmid = {1901490},
 publisher = {IEEE Computer Society},
 address = {Washington, DC, USA},
 keywords = {Multiple-precision algorithm, GPU, CUDA},
}

@article{adam06,
title = "Cylindrical Algebraic Decomposition using validated numerics",
journal = "Journal of Symbolic Computation",
volume = "41",
number = "9",
pages = "1021 - 1038",
year = "2006",
author = "A. Strzebo\'{n}ski"
} 

@article{agarwal1974fast,
  title={Fast convolution using Fermat number transforms with applications to digital filtering},
  author={Agarwal, RC and Burrus, C},
  journal={IEEE Transactions on Acoustics, Speech, and Signal Processing},
  volume={22},
  number={2},
  pages={87--97},
  year={1974},
  publisher={IEEE}
} 

@article{aggarwal1990communication,
  title={Communication complexity of {PRAM}s},
  author={Aggarwal, A. and Chandra, A. K. and Snir, M.},
  journal={Theoretical Computer Science},
  volume={71},
  number={1},
  pages={3--28},
  year={1990},
  publisher={Elsevier}
}

@inproceedings{amini2012par4all,
  title={Par4all: From convex array regions to heterogeneous computing},
  author={Amini, Mehdi and Creusillet, B{\'e}atrice and Even, St{\'e}phanie and Keryell, Ronan and Goubier, Onig and Guelton, Serge and McMahon, Janice Onanian and Pasquier, Fran{\c{c}}ois-Xavier and P{\'e}an, Gr{\'e}goire and Villalon, Pierre},
  booktitle={IMPACT 2012: Second International Workshop on Polyhedral Compilation Techniques HiPEAC 2012},
  year={2012}
}


@article{arnold2005survey,
  title={A survey of adaptive optimization in virtual machines},
  author={Arnold, Matthew and Fink, Stephen J and Grove, David and Hind, Michael and Sweeney, Peter F},
  journal={Proceedings of the IEEE},
  volume={93},
  number={2},
  pages={449--466},
  year={2005},
  publisher={IEEE}
}

@inproceedings{bienia09parsec2,
  author = {Christian Bienia and Kai Li},
  title = {{PARSEC} 2.0: A New Benchmark Suite for Chip-Multiprocessors},
  booktitle = {Proceedings of the 5th Annual Workshop on Modeling, Benchmarking and Simulation},
  year = {2009},
  month = {June}
}

@inproceedings{bienia10inputs,
  author = {Christian Bienia and Kai Li},
  title = {Fidelity and Scaling of the {PARSEC} Benchmark Inputs},
  booktitle = {Proceedings of the 2010 International Symposium on Workload Characterization},
  year = {2010},
  month = {December}
}

@phdthesis{bienia11benchmarking,
  author = {Christian Bienia},
  title = {Benchmarking Modern Multiprocessors},
  school = {Princeton University},
  year      = {2011},
  month     = {January}
}



@BOOK{bpr06,
  TITLE = {Algorithms in real algebraic geometry},
  PUBLISHER = {Springer-Verlag},
  YEAR = {2006},
  AUTHOR = {S.~Basu and R.~Pollack and M.-F.~Roy},
  VOLUME = {10},
  SERIES = {Algorithms and Computations in Mathematics}
}


@article{brown01,
 author = {C. W. Brown},
 title = {Improved projection for cylindrical algebraic decomposition},
 journal = {J. Symb. Comput.},
 volume = {32},
 number = {5},
 year = {2001},
 pages = {447--465}
}

@ARTICLE{ch91,
  AUTHOR = {G.~E. Collins and H.~Hong},
  TITLE = {Partial Cylindrical Algebraic Decomposition},
  JOURNAL = {Journal of Symbolic Computation},
  YEAR = {1991},
  VOLUME = {12},
  NUMBER = {3},
  PAGES = {299--328}
}

@ARTICLE{col75,
  AUTHOR = {G.~E.~Collins},
  TITLE = {Quantifier elimination for real closed fields by cylindrical algebraic decomposition},
  JOURNAL = {Springer Lecture Notes in Computer Science},
  YEAR = {1975},
  VOLUME = {33},
  PAGES = {515-532}
}

@inproceedings{conf/iccS/ChenLWW04,
  added-at = {2011-07-07T00:00:00.000+0200},
  author = {Chen, Yongjian and Li, Jianjiang and Wang, Shengyuan and Wang, Dingxing},
  biburl = {http://www.bibsonomy.org/bibtex/28930407629379944e30c5e8a9842f9a4/dblp},
  booktitle = {International Conference on Computational Science},
  crossref = {conf/iccS/2004-3},
  editor = {Bubak, Marian and van Albada, G. Dick and Sloot, Peter M. A. and Dongarra, Jack},

  interhash = {680f3b45a4d148676437884c27028cec},
  intrahash = {8930407629379944e30c5e8a9842f9a4},
  isbn = {3-540-22116-6},
  keywords = {dblp},
  pages = {414-423},
  publisher = {Springer},
  series = {Lecture Notes in Computer Science},
  timestamp = {2011-07-07T00:00:00.000+0200},
  title = {{ORC-OpenMP}: An {OpenMP} Compiler Based on {ORC}.},

  volume = 3038,
  year = 2004
}

@inproceedings{conf/iwomp/ShirakoUCLS13,
  author = {Shirako, J. and Unnikrishnan, P. and Chatterjee, S. and Li, K. and Sarkar, V.},
  biburl = {http://www.bibsonomy.org/bibtex/27a93dc2f0ed8061dbf1ca805814720aa/dblp},
  booktitle = {IWOMP},

  interhash = {e08d56889a20d92fa79ba97433eb44c7},
  intrahash = {7a93dc2f0ed8061dbf1ca805814720aa},
  isbn = {978-3-642-40697-3},
  keywords = {dblp},
  pages = {30-44},
  publisher = {Springer},
  series = {Lecture Notes in Computer Science},
  timestamp = {2013-08-21T00:00:00.000+0200},
  title = {Expressing DOACROSS Loop Dependences in {OpenMP}.},
  note = {\url{http://dblp.uni-trier.de/db/conf/iwomp/iwomp2013.html#ShirakoUCLS13}},
  volume = 8122,
  year = 2013
}



@misc{cuda2016best,
  title={{CUDA C Best Practices Guide, v12.0}},  
  organization={{NVIDIA} Corporation},
  note = {\url{{https://docs.nvidia.com/cuda/cuda-c-best-practices-guide/index.html}}},
  month={February},
  year={2023}
}

@misc{cuda2019guide,
  title={{CUDA C Programming Guide, v12.0}},
  organization={{NVIDIA} Corporation},
  note = {\url{{https://docs.nvidia.com/cuda/cuda-c-programming-guide/contents.html}}},
  month={February},
  year={2023}
}

@misc{nvprofguide,
  title={{Profiler User's Guide, v10.1.105}},
  organization={{NVIDIA} Corporation},
   note =
   {\url{https://docs.nvidia.com/cuda/profiler-users-guide/index.html}},
  month={March},
  year={2019}
}


@article{dagum1998openmp,
    Author = {Dagum, Leonardo and Menon, Ramesh},
    Date-Added = {2014-07-24 11:13:01 +0000},
    Date-Modified = {2014-07-24 11:13:01 +0000},
    Journal = {Computational Science \& Engineering, IEEE},
    Number = {1},
    Pages = {46--55},
    Publisher = {IEEE},
    Title = {{OpenMP}: An industry standard {API} for shared-memory programming},
    Volume = {5},
    Year = {1998}
}
@mastersthesis{davoodThesis,
  author       = {D. Mohajerani}, 
  title        = {Fast Fourier Transforms over Prime Fields of Large Characteristic 
  					and their Implementation on Graphics Processing Units},
  school       = {The University of Western Ontario},
  year         = {2016},
  address      = {London, ON, Canada},
  note = {\url{http://ir.lib.uwo.ca/cgi/viewcontent.cgi?article=6094&context=etd}}
}

%% Literature review


@ARTICLE{dimitrov1994gfn, 
author={V. S. Dimitrov and T. V. Cooklev and B. D. Donevsky}, 
journal={IEEE Transactions on Circuits and Systems II: Analog and Digital Signal Processing}, 
title={Generalized Fermat-Mersenne number theoretic transform}, 
year={1994}, 
volume={41}, 
number={2}, 
pages={133-139}, 
 
ISSN={1057-7130}, 
month={Feb},}


@mastersthesis{farnamThesis,
  author       = {F. Mansouri}, 
  title        = {On The Parallelization Of Integer Polynomial Multiplication},
  school       = {The University of Western Ontario},
  year         = {2014},
  address      = {London, ON, Canada},
  note = {\url{www.csd.uwo.ca/~moreno/Publications/farnam-thesis.pdf}}
}

@article{farooqui2014dynamic,
  title={Dynamic Instrumentation and Optimization for {GPU} Applications},
  author={Farooqui, Naila and Rossbach, Christopher J and Yu, Yuan},
  journal={sfma14. cs. washington. edu},
  year={2014}
}


@InProceedings{grosser.11.impact,
  author = 	 { T. Grosser and H. Zheng and R. Aloor and A. Simb{\"u}rger and A. Gr{\"o}{\ss}linger and  L. Pouchet},
  title = 	 { Polly - Polyhedral optimization in LLVM },
  booktitle = { First International Workshop on Polyhedral Compilation Techniques (IMPACT'11)},
  address = { Chamonix, France},
  month = 	 apr,
  year = 	 {2011}
}


@article{haque2011determinant,
   title={Determinant Computation on the {GPU} using the Condensation Method},
   author={{S. A.}~{Haque} and M. {Moreno Maza}},
   JOURNAL = {J. of Physics: Conference Series},
   VOLUME = {341},

 numpages = {11},
   year={2011}
} 


@article{haque2012EuclideanAlgorithm,
   title={Plain Polynomial Arithmetic on {GPU}}, 
   author={{S. A.}~Haque and M. {Moreno Maza}},
   JOURNAL = {J. of Physics: Conference Series},
 VOLUME = {385},

 numpages = {10},
   year={2012}
} 

@Article{khachian79,
  author   = {L. G. Khachian},
  title      = {A Polynomial algorithm for linear programming},
  journal   = {Soviet Math Dokl.},
  volume   = 20,
  pages      = {191-194},
  year      = 1979
} 

@article{lu2004design,
  title={Design and implementation of a lightweight dynamic optimization system},
  author={Lu, Jiwei and Chen, Howard and Yew, Pen-Chung and Hsu, Wei-Chung},
  journal={Journal of Instruction-Level Parallelism},
  volume={6},
  number={4},
  pages={332--341},
  year={2004}
}


@misc{mpi2015,
  title = 	 {{MPI}: A Message Passing Interface Standard},
  note = {\url{https://www.mpi-forum.org/docs/mpi-3.1/mpi31-report.pdf}},
  howpublished = {Message Passing Interface Forum},
  month = 	 {June},
  year = 	 {2015}
}

@misc{nvidia2009nvidia,
  title={{NVIDIA} Next Generation {CUDA} Compute Architecture: {K}epler {GK}110},
   howpublished = {{NVIDIA Corporation}},
  year={2012},
  publisher={ed}
}


@misc{nvptx,
 howpublished = {The {LLVM} Compiler Infrastructure},
  title = {User Guide for {NVPTX}},
  note = {\url{http://llvm.org/docs/NVPTXUsage.html#introduction}}
}

@misc{openacc2015,
    howpublished = {{OpenACC-Standard.org}},
    title = {The {OpenACC}  Application Programming Interface},
    month = october,
    year = 2015,
    url = {http://www.openacc.org/sites/default/files/OpenACC_2pt5.pdf}
}

@misc{openmp2015,
    howpublished = {{OpenMP Architecture Review Board}},
    title = {{OpenMP} Application Program Interface Version 4.5},
    month = november,
    year = 2015,
    note = {\url{http://www.openmp.org/mp-documents/openmp-4.5.pdf}}
}

@Misc{parScan,
  author= {M. Harris},
  title =        {Optimizing parallel reduction in {CUDA} (online document, 2007)},
  howpublished = {http://developer.download.\\nvidia.com}
}



@misc{ptx2018,
    howpublished = {{NVIDIA Corporation}},
    title = {Parallel Thread Execution {ISA} : v2.9.148},
    month = July,
    year = 2018,
    note = {\url{https://docs.nvidia.com/cuda/parallel-thread-execution/index.html}}
}

@article{robison2013composable,
  title={Composable Parallel Patterns with {I}ntel {C}ilk {P}lus},
  author={Robison, Arch D},
  journal={Computing in Science \& Engineering},
  volume={15},
  number={2},
  pages={0066--71},
  year={2013},
  publisher={IEEE Computer Society}
}

@article{ruetsch2009optimizing,
  title={Optimizing matrix transpose in CUDA},
  author={Ruetsch, Greg and Micikevicius, Paulius},
  journal={Nvidia CUDA SDK Application Note},
  volume={18},
  year={2009}
}


@article{scott88,
author = {S. McCallum},
title = {An improved projection operation for cylindrical algebraic decomposition of 3-dimensional space},
journal = {J. Symb. Comput.},
volume = {5},
number = {1-2},
year = {1988},
pages = {141–-161}
}

@ARTICLE{ shah:flexible,
AUTHOR = "Sanjiv Shah and Grant Haab and Paul Petersen and Joe Throop",
TITLE = "Flexible control structures for parallelism in {OpenMP}",
JOURNAL = "Concurrency - Practice and Experience",
PAGES = {1219-1239},
YEAR = {2000}
  }

@article{shoup2016ntl,
  title={Number theory library (NTL) for C++},
  author={Shoup, V.},
  journal={Available at Shoup's homepage http://www.shoup.net/ntl/},
  year={2016}
}

@article{shoup2016ntlbenchmark,
  title={NTL vs FLINT},
  author={Shoup, V.},
  journal={Available at Shoup's homepage http://www.shoup.net/ntl/benchmarks.pdf},
  year={2016}
}

@article{stone2010opencl,
  title={{OpenCL}: A parallel programming standard for heterogeneous computing systems},
  author={Stone, J. E and Gohara, D. and Shi, G.},
  journal={Computing in science \& engineering},
  volume={12},
  number={3},
  pages={66},
  year={2010},
  publisher={NIH Public Access}
}

@INPROCEEDINGS{ teruel:openmp,
AUTHOR = "Xavier Teruel and Priya Unnikrishnan and Xavier Martorell and Eduard Ayguadé and Raúl Silvera and Guansong Zhang and Ettore Tiotto",
TITLE = "{OpenMP Tasks} in {IBM XL} compilers",
BOOKTITLE = "CASCON'08",
PAGES = {-1--1},
YEAR = {2008}
}

@inproceedings{verdoolaege2012polyhedral,
  title={Polyhedral extraction tool},
  author={Verdoolaege, Sven and Grosser, Tobias},
  booktitle={Second International Workshop on Polyhedral Compilation Techniques (IMPACT 2012), Paris, France},
  year={2012}
}

@inproceedings{verdoolaege2014schedule,
  title={Schedule trees},
  author={Verdoolaege, Sven and Guelton, Serge and Grosser, Tobias and Cohen, Albert},

  note = {\url{http://impact.gforge.inria.fr/impact2014/papers/impact2014-verdoolaege.pdf}},
  booktitle={Proceedings of the 4th International Workshop on Polyhedral Compilation Techniques (IMPACT 2014), Vienna, Austria},
  year={2014}
}

@article{vonzurGathen:1984:PAA:2054.2065,
 author = {von zur Gathen, J.},
 title = {{Parallel Algorithms for Algebraic Problems}},
 journal = {SIAM J. Comput.},
 volume = {13},
 issue = {4},
 month = {November},
 year = {1984},
 issn = {0097-5397},
 pages = {802--824},
 numpages = {23},


 acmid = {2065},
 publisher = {Society for Industrial and Applied Mathematics},
 address = {Philadelphia, PA, USA},
}

@article{vonzurGathen:1986:RPC:14087.14095,
 author = {von zur Gathen, J.},
 title = {{Representations and Parallel Computations for Rational Functions}},
 journal = {SIAM J. Comput.},
 volume = {15},
 issue = {2},
 month = {May},
 year = {1986},
 issn = {0097-5397},
 pages = {432--452},
 numpages = {21},


 acmid = {14095},
 publisher = {Society for Industrial and Applied Mathematics},
 address = {Philadelphia, PA, USA},
}

@Misc{wikiMul,  
  title =        "Multiplication Algorithm-Wikipedia, the free cyclopedia",
  howpublished = "http://en.wikipedia.org/wiki/Multiplication{\_}algo-\\rithm"
}

@inproceedings{zhang2009fpga,
  title={{FPGA} vs. {GPU} for sparse matrix vector multiply},
  author={Zhang, Yan and Shalabi, Yasser H and Jain, Rishabh and Nagar, Krishna K and Bakos, Jason D},
  booktitle={Field-Programmable Technology, 2009. FPT 2009. International Conference on},
  pages={255--262},
  year={2009},
  organization={IEEE}
}

@inproceedings{cecilia2010cuda,
	title={CUDA 2D stencil computations for the Jacobi method},
	author={Cecilia, Jos{\'e} Mar{\'\i}a and Garc{\'\i}a, Jos{\'e} Manuel and Ujald{\'o}n, Manuel},
	booktitle={International Workshop on Applied Parallel Computing},
	pages={173--183},
	year={2010},
	organization={Springer}
}

@misc{cudatoolkit2018,
	howpublished = {{NVIDIA Corporation}},
	title = {{CUDA} Toolkit Documentation, version 10.0},
	year = 2018,
	note = {\url{https://docs.nvidia.com/cuda/}}
}

@book{mandelbrot1982fractal,
	title={The fractal geometry of nature},
	author={Mandelbrot, Benoit B},
	publisher={{W. H. Freeman and Co.}},
	year={1982}
}

@misc{harris2013inite,
	title={Finite Difference Methods in CUDA C/C++},
	author={Harris, Mark},
	year={2013},
	url={https://devblogs.nvidia.com/finite-difference-methods-cuda-cc-part-1/}
}


@book{Aho:1986:CPT:6448,
 author = {Aho, A. V. and Sethi, R. and Ullman, J. D.},
 title = {Compilers: Principles, Techniques, and Tools},
 year = {1986},
 isbn = {0-201-10088-6},
 publisher = {Addison-Wesley Longman Publishing Co., Inc.}
} 


@misc{polybenchGPUweb,
	title={Implementation of Polybench codes {GPU} processing},
	author={Grauer-Gray, S. and Pouchet, L.-N.},
	note = {\mbox{\textcolor{blue}{\href{http://web.cse.ohio-state.edu/~pouchet.2/software/polybench/GPU/}{http:://web.cse.ohio-state.edu/~pouchet.2/polybench}}}},
	year={2012}
}

@misc{polybenchweb,
	title={Polybench/C: the Polyhedral Benchmark suite},
	author={Pouchet, Louis-Noel},
	note={\url{http://web.cse.ohio-state.edu/~pouchet.2/software/polybench/}},
	year={2015}
}

@inproceedings{yuki2014understanding,
	title={Understanding PolyBench/C 3.2 kernels},
	author={Yuki, Tomofumi},
	booktitle={International workshop on Polyhedral Compilation Techniques (IMPACT)},
	year={2014}
}

@inproceedings{DBLP:conf/ispass/WongPSM10,
  author    = {H. Wong and
               M.{-}M. Papadopoulou and
               M. Sadooghi{-}Alvandi and
               A. Moshovos},
  title     = {Demystifying {GPU} microarchitecture through microbenchmarking},
  booktitle = {{IEEE} {ISPASS}},
  pages     = {235--246},
  year      = {2010}
}

@proceedings{DBLP:conf/ispass/2010,
  title     = {{IEEE} International Symposium on Performance Analysis of Systems
               and Software, {ISPASS} 2010, 28-30 March 2010, White Plains, NY, {USA}},
  publisher = {{IEEE} Computer Society},
  year      = {2010},

  isbn      = {978-1-4244-6022-9},
  timestamp = {Wed, 13 Feb 2019 11:42:22 +0100},
  biburl    = {https://dblp.org/rec/bib/conf/ispass/2010},
  bibsource = {dblp computer science bibliography, https://dblp.org}
}


@article{DBLP:journals/tpds/MeiC17,
  author    = {X. Mei and
               X. Chu},
  title     = {Dissecting {GPU} Memory Hierarchy Through Microbenchmarking},
  journal   = {{IEEE} Trans. Parallel Distrib. Syst.},
  volume    = {28},
  number    = {1},
  pages     = {72--86},
  year      = {2017},


  timestamp = {Wed, 14 Nov 2018 10:33:47 +0100},
  biburl    = {https://dblp.org/rec/bib/journals/tpds/MeiC17},
  bibsource = {dblp computer science bibliography, https://dblp.org}
}

@book{everitt2010cambridge,
  title={The Cambridge Dictionary of Statistics},
  author={Everitt, B.S. and Skrondal, A.},
  isbn={9780521766999},
  lccn={2010502891},
  url={https://books.google.ca/books?id=C98wSQAACAAJ},
  year={2010},
  publisher={Cambridge University Press}
}
