@Misc{US20170228650A1,
  author = 	 {Yanjie Fu and Srinivasan Parthasarathy and Deepak Turaga},
  title = 	 {Estimating Analytic Execution Times},
  howpublished = {US 2017/0228650 A1},
  month = 	 {Aug. 10},
  year = 	 {2017},
  note = 	 {United States Patent Application Publication}
}

@Misc{US20180004709A1,
  author = 	 {Rong Zhou},
  title = 	 {System and Method for {GPU} Maximum Register Count Optimization Applied to General Matrix-Matrix Multiplication},
  howpublished = {US20180004709A1},
  month = 	 {Jan. 04},
  year = 	 {2018},
  note = 	 {United States Patent Application Publication}
}

@Misc{US007065676B1,
  author = 	 {Michelle J. Lang and William Judge Yohn},
  title = 	 {Multi-threaded Memory Management Test System with Feedback to Adjust Input Parameters in Response to Other Publications Performance},
  howpublished = {US007065676B1},
  month = 	 {Jun. 20},
  year = 	 {2006},
  note = 	 {United States Patent}
}

@Misc{US20180247223A1,
  author = 	 {Unmesh Dutta Bordoloi and Paolo Giusto and Soheil Samii},
  title = 	 {System and Method of Selecting a Computational Platform},
  howpublished = {US20180247223A1},
  month = 	 {Aug. 30},
  year = 	 {2018},
  note = 	 {United States Patent Application Publication}
}
