@book{MCA,
  author    = {J. Gathen and
               J. Gerhard},
  title     = {Modern Computer Algebra {(3.} ed.)},
  publisher = {Cambridge University Press},
  year      = {2013},
  isbn      = {978-1-107-03903-2},
  timestamp = {Tue, 20 Aug 2013 18:59:58 +0200},
  biburl    = {http://dblp.org/rec/bib/books/daglib/0031325},
  bibsource = {dblp computer science bibliography, http://dblp.org}
}


@inproceedings{DBLP:conf/issac/FilateiLMS06,
  author    = {A. Filatei and
               X. Li and
             M. Moreno Maza and
               {\'{E}}ric Schost},
  title     = {Implementation techniques for fast polynomial arithmetic in a high-level
               programming environment},
  booktitle = {Symbolic and Algebraic Computation, International Symposium, {ISSAC}
               2006, Genoa, Italy, July 9-12, 2006, Proceedings},
  pages     = {93--100},
  year      = {2006},
  url       = {http://doi.acm.org/10.1145/1145768.1145789},
  doi       = {10.1145/1145768.1145789},
  timestamp = {Fri, 16 Jan 2015 09:39:12 +0100},
  biburl    = {https://dblp.org/rec/bib/conf/issac/FilateiLMS06},
  bibsource = {dblp computer science bibliography, https://dblp.org}
}

@article{DBLP:journals/jsc/LiMRS11,
  author    = {X. Li and
               M. Moreno Maza and
               R. Rasheed and
               {\'{E}}. Schost},
  title     = {The modpn library: Bringing fast polynomial arithmetic into Maple},
  journal   = {J. Symb. Comput.},
  volume    = {46},
  number    = {7},
  pages     = {841--858},
  year      = {2011},
  url       = {https://doi.org/10.1016/j.jsc.2010.08.016},
  doi       = {10.1016/j.jsc.2010.08.016},
  timestamp = {Wed, 17 May 2017 14:25:48 +0200},
  biburl    = {https://dblp.org/rec/bib/journals/jsc/LiMRS11},
  bibsource = {dblp computer science bibliography, https://dblp.org}
}



@article{montgomery,
	title = {Modular multiplication without trial division},
	author = {Montgomery, Peter L},
	journal = {Mathematics of computation},
	volume={44},
	number={170},
	pages={519--521},
	year={1985}
	}

@Manual{Granlund12,
  title = 	 "{GNU MP}: {T}he {GNU} {M}ultiple {P}recision
 		  {A}rithmetic {L}ibrary",
  author = "Torbj√∂rn Granlund and {the GMP development team}",
  edition = 	 "5.0.5",
  year = 	 2012,
  note = "\url{http://gmplib.org/}"
}

@book{GuideToECC,
	author = {D. Hankerson and A.J. Menezes and S. Vanstone},
	title = {Guide to Elliptic Curve Cryptography},
	year = {2010},
	isbn = {1441929290, 9781441929297},
	edition = {1st},
	publisher = {Springer Publishing Company, Incorporated},
}

@inproceedings{BPAS,
	author    = {C. Chen and
	S. Covanov and
	F. Mansouri and
	M. {Moreno Maza} and
	N. Xie and
	Y. Xie},
	title     = {The Basic Polynomial Algebra Subprograms},
	booktitle = {Mathematical Software - {ICMS} 2014 - 4th International Congress,
	Seoul, South Korea, August 5-9, 2014. Proceedings},
	pages     = {669--676},
	year      = {2014},
	url       = {http://dx.doi.org/10.1007/978-3-662-44199-2_100},
	doi       = {10.1007/978-3-662-44199-2_100},
	timestamp = {Fri, 01 Aug 2014 14:10:14 +0200},
	biburl    = {http://dblp.uni-trier.de/rec/bib/conf/icms/ChenCMMXX14},
	bibsource = {dblp computer science bibliography, http://dblp.org}
}



@article{pan2011algorithmic,
	title={Algorithmic Contributions to the Theory of Regular Chains},
	author={W. Pan},
	year={2011}
}

@incollection{FranchettiP11,
	author    = {F. Franchetti and M. P{\"{u}}schel},
	title     = {{FFT} (Fast Fourier Transform)},
	booktitle = {Encyclopedia of Parallel Computing},
	pages     = {658--671},
	year      = {2011},
	url       = {http://dx.doi.org/10.1007/978-0-387-09766-4_243},
	doi       = {10.1007/978-0-387-09766-4_243},
	timestamp = {Wed, 11 Jan 2012 14:45:34 +0100},
	biburl    = {http://dblp.uni-trier.de/rec/bib/reference/parallel/FranchettiP11},
	bibsource = {dblp computer science bibliography, http://dblp.org}
}

@article{CooleyTukey,
  author = {J. Cooley and J. Tukey},
  journal = {Mathematics of Computation},
  number = 90,
  pages = {297-301},
  title = {An Algorithm for the Machine Calculation of Complex Fourier Series},
  volume = 19,
  year = 1965
}

@article {Strassen69,
    AUTHOR = {W. Strassen},
     TITLE =  {Gaussian Elimination is not Optimal.},
   JOURNAL = {Numerische Mathematik.},
    VOLUME = {13},
      YEAR = {1969},
     PAGES = {354--356}
}


@Article{KO63,
  author =          {A. Karatsuba and Yu. Ofman},
  title =          {Multiplication of multidigit numbers on automata},
  journal =          {Soviet Physics Doklady},
  year =          1963,
  number =         7,
  pages =         {595--596}
}

@article{DBLP:journals/talg/FrigoLPR12,
  author    = {M. Frigo and
               C. E. Leiserson and
               H. Prokop and
               S. Ramachandran},
  title     = {Cache-Oblivious Algorithms},
  journal   = {ACM Transactions on Algorithms},
  volume    = {8},
  number    = {1},
  year      = {2012},
  pages     = {4},
  ee        = {http://doi.acm.org/10.1145/2071379.2071383},
  bibsource = {DBLP, http://dblp.uni-trier.de}
}

@Book{MAGMA,
  author =         {The {Computational Algebra Group in the School of Mathematics and Statistics at the University of Sydney}},
  title =          {The {MAGMA} Computational Algebra System for Algebra, Number Theory and Geometry},
  publisher =        {http://magma.maths.usyd.edu.au/magma/}}
}

@Article{Pan94,
  author = 	 {V. Y. Pan},
  title = 	 {Simple multivariate polynomial multiplication},
  journal = 	 {J. Symb. Comp.},
  year = 	 1994,
  volume =	 18,
  number =	 3,
  pages =	 {183--186}
}


@article {Shoup95,
    AUTHOR = {V. Shoup.},
     TITLE =  {A New Polynomial Factorization Algorithm and its Implementation}
,
   JOURNAL = {J. Symb. Comp.},
    VOLUME = {20},
      YEAR = {1995},
    NUMBER = {4},
     PAGES = {363--397},
}

@Book{LinBox,
  author =         {http://www.linalg.org/},
  title =          {LinBox},
  publisher =          {The LinBox group},
  year =          2005,
}



@inproceedings {DuGaPe02,
    AUTHOR = {J. Dumas and T. Gautier and C.  Pernet},
     TITLE = {Finite field linear algebra subroutines},
 BOOKTITLE = {ISSAC 02},
     PAGES = {63--74},
 PUBLISHER = {ACM},
      YEAR = {2002},
}


@article{DBLP:journals/computing/SchonhageS71,
  author    = {A. Sch{\"{o}}nhage and
               V. Strassen},
  title     = {Schnelle Multiplikation gro{\ss}er Zahlen},
  journal   = {Computing},
  volume    = {7},
  number    = {3-4},
  pages     = {281--292},
  year      = {1971},
  url       = {http://dx.doi.org/10.1007/BF02242355},
  doi       = {10.1007/BF02242355},
  timestamp = {Thu, 28 Nov 2013 16:39:49 +0100},
  biburl    = {http://dblp.uni-trier.de/rec/bib/journals/computing/SchonhageS71},
  bibsource = {dblp computer science bibliography, http://dblp.org}
}

@inproceedings{DBLP:conf/stoc/Furer07,
  author    = {M. F{\"{u}}rer},
  title     = {Faster integer multiplication},
  booktitle = {Proceedings of the 39th Annual {ACM} Symposium on Theory of Computing,
               San Diego, California, USA, June 11-13, 2007},
  pages     = {57--66},
  year      = {2007},
  url       = {http://doi.acm.org/10.1145/1250790.1250800},
  doi       = {10.1145/1250790.1250800},
  timestamp = {Wed, 13 Jun 2007 12:33:13 +0200},
  biburl    = {http://dblp.uni-trier.de/rec/bib/conf/stoc/Furer07},
  bibsource = {dblp computer science bibliography, http://dblp.org}
}


@article{DBLP:journals/siamcomp/DeKSS13,
  author    = {A. De and
               P. P. Kurur and
               C. Saha and
               R. Saptharishi},
  title     = {Fast Integer Multiplication Using Modular Arithmetic},
  journal   = {SIAM J. Comput.},
  volume    = {42},
  number    = {2},
  year      = {2013},
  pages     = {685-699},
  ee        = {http://dx.doi.org/10.1137/100811167},
  bibsource = {DBLP, http://dblp.uni-trier.de}
}

@inproceedings{DBLP:conf/stoc/DeKSS08,
  author    = {A. De and
               P. Kurur and
               C. Saha and
               R. Saptharishi},
  title     = {Fast integer multiplication using modular arithmetic},
  booktitle = {STOC},
  year      = {2008},
  pages     = {499-506},
  ee        = {http://doi.acm.org/10.1145/1374376.1374447},
  bibsource = {DBLP, http://dblp.uni-trier.de}
}

@article{DBLP:journals/siamcomp/Furer09,
  author    = {M. F{\"{u}}rer},
  title     = {Faster Integer Multiplication},
  journal   = {{SIAM} J. Comput.},
  volume    = {39},
  number    = {3},
  pages     = {979--1005},
  year      = {2009},
  url       = {http://dx.doi.org/10.1137/070711761},
  doi       = {10.1137/070711761},
  timestamp = {Wed, 03 Feb 2010 09:05:39 +0100},
  biburl    = {http://dblp.uni-trier.de/rec/bib/journals/siamcomp/Furer09},
  bibsource = {dblp computer science bibliography, http://dblp.org}
}


@inproceedings{DBLP:conf/issac/ChenCMM17,
  author    = {L. Chen and
               S. Covanov and
               D. Mohajerani and
               M. Moreno Maza},
  title     = {Big Prime Field {FFT} on the {GPU}},
  booktitle = {Proceedings of the 2017 {ACM} on International Symposium on Symbolic
               and Algebraic Computation, {ISSAC} 2017, Kaiserslautern, Germany,
               July 25-28, 2017},
  pages     = {85--92},
  year      = {2017},
  url       = {http://doi.acm.org/10.1145/3087604.3087657},
  doi       = {10.1145/3087604.3087657},
  timestamp = {Fri, 21 Jul 2017 13:54:58 +0200},
  biburl    = {https://dblp.org/rec/bib/conf/issac/ChenCMM17},
  bibsource = {dblp computer science bibliography, https://dblp.org}
}

@article{DBLP:journals/corr/abs-1911-02373,
  author    = {Alexander Brandt and
               Davood Mohajerani and
               Marc Moreno Maza and
               Jeeva Paudel and
               Lin{-}Xiao Wang},
  title     = {{KLARAPTOR:} {A} Tool for Dynamically Finding Optimal Kernel Launch
               Parameters Targeting {CUDA} Programs},
  journal   = {CoRR},
  volume    = {abs/1911.02373},
  year      = {2019},
  url       = {http://arxiv.org/abs/1911.02373},
  eprinttype = {arXiv},
  eprint    = {1911.02373},
  timestamp = {Sat, 23 Jan 2021 01:19:45 +0100},
  biburl    = {https://dblp.org/rec/journals/corr/abs-1911-02373.bib},
  bibsource = {dblp computer science bibliography, https://dblp.org}
}